3196 5160
756 292 795 356 15

160 493 218 557 nui
240 515 345 580 neque
368 494 497 579 augeri:
520 495 557 560 τὸ
580 498 645 561 πᾶν
666 493 797 580 ἄπειρον
824 498 901 563 εἶναι
924 501 972 562 καὶ
997 495 1173 580 ἀγέννητον
1197 499 1244 561 καὶ
1266 493 1388 582 ἄφθαρ-

160 638 238 689 τον,
262 616 310 677 καὶ
331 611 400 695 μήτ’
423 609 600 691 αὐξόμενον
620 614 696 694 μήτε
709 616 893 694 μειούμενον
911 612 951 695 ¹),
975 617 1007 675 et
1022 611 1114 675 alibi:
1140 613 1267 695 καὶμὴν
1286 616 1334 677 καὶ
1350 612 1387 677 τὸ

160 732 226 794 πᾶν
245 729 291 795 ἀεὶ
308 734 452 794 τοιοῦτον
468 731 507 804 ἦν
522 728 592 793 οἷον
609 736 668 793 νῦν
684 731 747 793 ἐστι
764 733 812 794 καὶ
828 729 872 795 ἀεὶ
890 734 1038 794 τοιοῦτον
1054 726 1184 809 datust).
1216 727 1387 791 Lueretius

159 841 247 906 idem
263 842 357 925 dioit,
369 863 433 906 non
445 848 553 908 tamen
566 844 599 908 in
610 843 671 908 hoo
683 864 788 926 nexu,
801 843 857 907 sed
869 843 913 907 ΙΙ.
926 845 1098 908 294-307
1113 843 1251 907 demum.
1267 843 1387 907 Mirum

160 963 270 1023 tamen
286 965 335 1023 est
349 964 520 1045 utrumque
537 959 645 1023 oonari
656 959 739 1023 hano
755 960 947 1024 sententiam
959 960 1022 1024 alio
1035 965 1224 1044 argumento
1236 959 1386 1046 probare,

160 1096 277 1162 nempe
311 1075 390 1140 hoo:
426 1075 506 1140 nihil
541 1097 609 1140 esse
640 1077 674 1140 in
704 1077 789 1163 quod
810 1077 928 1141 mutari
950 1077 1051 1163 possit
1073 1077 1259 1141 universum
1281 1098 1386 1164 neque

163 1193 248 1280 quod
269 1193 358 1257 inid
379 1193 558 1279 ingressum
580 1195 791 1259 mutationem
814 1194 941 1259 effioiat.
987 1195 1028 1259 D.
1052 1195 1090 1258 L.
1106 1195 1157 1278 X,
1182 1198 1244 1260 39:
1270 1197 1387 1277 ,obbia

161 1315 224 1398 γάρ
256 1315 340 1378 ἐστιν
370 1315 414 1389 εἰς
446 1293 693 1399 ὃμετοβάλλειῖ
736 1315 821 1398 παρὰ
844 1313 907 1400 γὰρ
931 1314 967 1379 τὸ
991 1318 1055 1379 πᾶν
1078 1315 1175 1381 οὐδέν
1198 1317 1281 1379 ἐστιν
1305 1313 1323 1380 ὃ
1347 1293 1586 1382 dumam

163 1430 307 1505 εἶςελθὸν
330 1435 373 1510 εἷς
392 1431 469 1496 αὐτὸ
483 1433 541 1508 τὴν
555 1429 742 1517 μεταβολὴν
757 1435 934 1506 ποιήσοιτο.
968 1431 1063 1495 Luer.
1080 1431 1135 1495 H:
1160 1432 1244 1495 305:
1264 1451 1386 1517 „neque

161 1546 196 1610 in
231 1568 336 1612 omme
372 1568 514 1612 seorsum
550 1547 635 1612 unde
673 1553 780 1612 coorta
821 1552 918 1633 queat
947 1569 1032 1612 nora
1061 1547 1110 1612 vis
1140 1547 1323 1633 inrumpere
1353 1555 1386 1613 et

160 1668 307 1729 naturam
339 1685 447 1728 rerum
480 1670 604 1729 mutare
639 1670 672 1729 et
705 1670 830 1729 vertere
859 1663 996 1728 motus.’'
1042 1664 1162 1728 Mirum
1186 1664 1275 1728 dieo:
1311 1686 1386 1729 nam

162 1783 199 1848 τὸ
233 1788 314 1859 πᾶν,
345 1785 382 1848 τὸ
420 1782 518 1865 ὅλον,
546 1788 610 1849 τῶν
645 1783 733 1849 ὅλων
768 1787 879 1869 φύσις,
914 1787 977 1848 τῶν
1012 1785 1116 1849 ὄντων
1150 1786 1265 1869 φύσις,
1299 1782 1385 1869 apud

160 1899 257 1964 Luor.
281 1920 389 1983 omne,
419 1921 542 1964 summa
565 1906 651 1983 toto,
674 1920 798 1964 summa
819 1920 950 1982 rerum,
985 1920 1110 1964 somma
1133 1906 1214 1983 tota,
1248 1902 1386 1964 summai

161 2018 257 2080 totius
290 2038 433 2100 summo,
467 2038 576 2081 rerum
608 2024 750 2100 notura,
788 2016 870 2080 nihil
903 2016 990 2080 aliud
1018 2023 1067 2081 est
1089 2038 1185 2103 quam
1212 2023 1280 2081 tota
1302 2037 1384 2104 quae

160 2140 268 2198 exstat
288 2133 459 2198 multitudo
482 2140 660 2199 atomorum
683 2139 716 2197 et
738 2133 897 2197 infinitum
921 2108 1077 2221 spatium,
1100 2155 1159 2220 per
1181 2134 1265 2220 quod
1287 2134 1386 2199 atomi

158 2257 348 2316 moventur:
384 2252 424 2316 ab
447 2252 615 2337 Epicureis
637 2251 697 2316 hoo
724 2251 910 2315 universum
931 2273 952 2316 a
973 2250 1092 2315 mundo
1117 2251 1328 2336 discernitur,
1352 2252 1386 2316 in

158 2366 220 2432 hoo
243 2371 360 2434 secutis
382 2369 639 2456 Xenophanem,
673 2370 853 2454 Diogenem
876 2370 1044 2455 plerosque
1068 2369 1157 2434 alios.
1203 2369 1270 2435 Hio
1295 2392 1386 2434 mun·

158 2484 219 2550 dus
234 2493 283 2551 est
298 2493 402 2552 totum
417 2488 594 2575 quoddam,
611 2488 695 2574 quod
711 2509 783 2552 suas
798 2487 896 2551 habet
908 2492 1015 2572 partes
1031 2504 1184 2573 suamque
1200 2487 1385 2572 formami),

158 2612 211 2688 et,
234 2606 407 2671 seeundum
430 2607 624 2692 Epicureos,
648 2613 684 2671 ut
707 2612 794 2671 ortua
817 2610 886 2689 est,
910 2605 955 2669 sio
978 2625 1103 2692 quoque
1127 2604 1263 2691 peribit:
1288 2605 1386 2671 atomi

160 2723 229 2787 eius
262 2722 325 2789 huo
358 2724 435 2789 illuo
467 2724 651 2808 discedent,
686 2725 720 2787 in
754 2723 841 2788 aliud
870 2724 970 2808 igitur
992 2722 1169 2786 mutabitur
1193 2723 1386 2787 eimundus

159 2841 249 2928 ipse,
284 2864 347 2928 qua
369 2843 460 2925 talis,
482 2864 546 2907 non
568 2842 705 2928 amplius
728 2841 810 2925 erit3
833 2863 907 2906 nam
933 2840 1171 2935 ,quodoumque
1195 2841 1260 2904 suis
1282 2846 1385 2905 muta·

160 2966 230 3024 tum
259 2959 376 3023 finibus
408 2961 477 3024 exit
506 2961 657 3025 continuo
680 2958 740 3023 hoo
763 2980 848 3023 mors
871 2964 919 3022 est
941 2958 1027 3023 illius
1050 2958 1134 3044 quod
1157 2958 1217 3022 fuit
1240 2960 1335 3022 ante’'
1348 2958 1384 3040 ⁴).

160 3076 253 3141 Haeo
276 3083 384 3142 autem
406 3100 511 3161 mors,
545 3078 612 3142 sire
633 3077 769 3141 mutatio
792 3076 970 3162 praesentis
993 3075 1132 3158 formae,
1157 3075 1314 3139 eiusmodi
1338 3075 1385 3140 rei

161 3198 288 3258 tantum
320 3195 503 3280 contingere
536 3199 663 3280 potest,
698 3215 779 3280 quae
808 3214 899 3258 suam
932 3190 1030 3258 habet
1063 3192 1197 3256 formam
1229 3198 1261 3256 et
1294 3191 1385 3278 quasi

160 3311 325 3394 membra,
348 3311 432 3397 quod
454 3317 562 3376 tamen
584 3311 624 3375 de
647 3311 795 3376 universo
818 3333 882 3375 non
904 3314 1010 3396 potest
1024 3308 1211 3396 praedicari.
1245 3308 1292 3372 At
1306 3308 1385 3372 mihi

158 3428 287 3493 videtur
315 3429 349 3492 in
378 3429 456 3494 loeis
482 3429 619 3494 laudatis
642 3429 681 3493 de
703 3429 852 3493 universo
876 3433 1028 3513 tanquam
1053 3427 1092 3491 de
1116 3428 1224 3513 κόσμῳ
1248 3425 1385 3512 quodam

159 3568 263 3614 sermo
286 3568 373 3630 esse,
400 3568 474 3612 nam
496 3548 626 3634 ponitur
647 3547 680 3611 id
702 3553 822 3611 certam
845 3545 1072 3631 definitamque
1094 3544 1228 3608 formam
1243 3542 1383 3608 habere:

157 3673 303 3741 τοιοῦτος
324 3686 371 3729 rs.
395 3667 481 3745 294,
502 3665 574 3730 libr.
598 3665 643 3729 ΙΙ.
670 3685 748 3746 ,nee
771 3663 889 3749 stipata
911 3662 1015 3747 magis
1029 3661 1091 3725 fuit
1112 3682 1263 3748 umquam
1285 3665 1386 3724 mate·

158 3781 220 3845 riai
248 3782 339 3868 eopia
370 3803 430 3846 nee
452 3804 546 3869 porro
568 3782 742 3847 maioribus
773 3779 984 3845 intervallis.”
1035 3780 1156 3862 Porro,
1191 3780 1247 3865 qui
1267 3778 1385 3842 mutari

158 3905 287 3986 posset,
326 3899 388 3963 nisi
425 3907 545 3965 certam
581 3899 717 3965 haberet
753 3899 913 3963 formam?
953 3897 999 3962 At
1035 3897 1165 3983 ponitur
1200 3895 1386 3960 universum

158 4018 277 4083 mutari
299 4039 414 4104 posse,
437 4018 464 4083 si
486 4018 580 4083 modo
603 4023 696 4083 extra
717 4017 751 4080 id
767 4023 851 4082 esset
866 4014 1043 4102 quoddam,
1067 4013 1151 4101 quod
1165 4013 1200 4077 in
1222 4013 1256 4077 id
1270 4014 1385 4077 irrum-

159 4156 261 4222 pens,
295 4136 364 4200 eius
396 4136 529 4201 formam
554 4141 704 4200 mutaret.
728 4172 770 4181 -
793 4134 879 4198 Illud
902 4154 977 4218 ergo
1001 4138 1147 4198 τοιοῦτον
1169 4130 1255 4218 apud
1277 4131 1319 4196 D.
1342 4131 1382 4196 L.

194 4354 214 4421 ¹)
249 4354 316 4406 Plut.
333 4356 389 4406 adr.
408 4353 460 4406 001.
478 4354 567 4415 XIII,
585 4357 607 4403 3.

194 4449 213 4511 ²)
247 4451 279 4501 D.
297 4453 326 4501 L.
344 4452 387 4513 X,
406 4453 445 4500 39.

193 4546 212 4605 ⁸)
246 4546 285 4597 Oi.
302 4545 333 4597 V.
352 4549 398 4596 534
415 4561 483 4611 seqq.

193 4641 214 4708 ⁴)
249 4641 383 4694 1112517.
