3196 5160
763 311 823 374 108

183 511 285 575 omnis
318 512 455 577 mundus
477 514 675 597 ignescere),
710 535 808 599 quum
830 512 964 575 humore
987 517 1175 598 consumpto
1197 531 1303 597 neque
1326 516 1413 574 terra

182 628 225 693 ali
254 635 361 714 posset
395 652 499 716 neque
530 637 688 694 remearet
711 652 782 712 aer,
814 630 904 693 ouius
927 635 1015 692 ortus
1038 651 1121 714 aqua
1144 630 1230 692 omni
1253 627 1415 692 exhausta

183 765 252 808 esse
275 767 339 810 non
361 754 489 833 posset3
513 747 557 810 ita
580 747 717 832 relinqui
740 745 821 808 nihil
843 752 972 833 praeter
995 746 1124 829 ignem,
1149 768 1168 809 a
1191 768 1253 832 quo
1269 767 1414 827 rursum,

184 862 346 927 animante
380 885 416 927 ac
450 864 530 946 deo,
565 864 728 926 renovatio
762 863 872 926 mundi
906 864 997 926 fieret
1031 869 1127 948 atque
1162 862 1247 926 idem
1282 868 1417 926 ornatus

186 981 350 1043 oreretur’'
368 983 398 1058 ¹).
445 981 567 1045 Seneca
597 986 705 1044 autem
738 980 824 1043 idem
858 980 1010 1043 affirmat:
1049 1002 1124 1062 „nos
1151 1001 1276 1066 quoque
1304 979 1418 1043 felices

186 1096 311 1160 animae
346 1105 378 1176 ei
412 1105 543 1162 aeterna
566 1100 695 1162 sortitae
720 1099 831 1181 (verba
861 1105 935 1162 sunt
965 1099 1083 1162 mortui
1106 1099 1223 1181 beati),
1248 1120 1322 1162 cum
1345 1098 1419 1161 Deo

185 1212 289 1276 visum
324 1214 364 1276 sit
395 1214 512 1277 iterum
542 1215 603 1278 ista
636 1215 760 1297 moliri,
795 1215 976 1278 labentibus
1005 1216 1127 1278 cunctis
1151 1222 1182 1278 et
1204 1215 1293 1300 ipsae
1317 1235 1421 1299 parva

185 1330 296 1395 ruinae
333 1332 473 1415 ingentis
510 1333 648 1397 accessio
685 1332 716 1394 in
757 1332 889 1418 antiqua
923 1333 1087 1396 clementa
1120 1333 1304 1396 vertemur”
1314 1328 1351 1410 ²).
1376 1367 1420 1377 —

187 1447 307 1522 Quodsi
341 1449 440 1534 igitur
475 1449 573 1514 Stoici
603 1449 655 1512 hic
679 1471 742 1513 non
765 1450 954 1513 refelluntur
979 1472 998 1513 a
1021 1457 1118 1536 poeta
1139 1456 1248 1514 manet
1270 1449 1421 1536 quaestio

186 1566 316 1651 quinam
333 1566 367 1629 hi
384 1567 447 1630 sint
462 1551 646 1631 adversarii.¹
669 1568 756 1631 Num
771 1568 865 1631 Plato
882 1569 1014 1654 eiusque
1031 1568 1205 1654 discipuli?
1228 1567 1421 1631 Videamus.

229 1685 322 1748 Plato
357 1685 440 1748 dixit
468 1686 562 1749 deum
584 1686 739 1749 mundum
770 1706 894 1750 creasse
916 1686 1117 1771 perfectum,
1153 1685 1297 1770 sibiipsi
1321 1705 1421 1770 quam

187 1801 400 1865 simillimum:
424 1803 457 1866 in
480 1802 539 1866 hoe
562 1803 681 1866 mundo
704 1802 902 1866 informando
925 1802 1184 1889 perficiendoque
1201 1802 1315 1865 boccum
1331 1823 1422 1887 spec-

187 1919 285 2001 tavii,
303 1919 446 1983 bonitate
459 1942 516 1983 sua
527 1921 628 2007 ipsius
640 1919 805 1984 adductus.
829 1921 972 2006 Ἀγαθὸς
996 1925 1035 1997 ἦν
1061 1925 1089 2000 (ὁ
1114 1918 1263 1994 ξυνιστάς
1286 1920 1344 1983 τὸν
1369 1923 1421 1984 κό-

188 2041 304 2120 σμον),
329 2035 441 2123 ἀγαθῷ
465 2035 496 2104 δὲ
520 2036 625 2114 οὐδεὶς
646 2043 714 2124 περὶ
740 2036 871 2115 οὐδενὸς
888 2036 1036 2104 οὐδέποτε
1052 2041 1231 2124 ἐγγίγνεται
1247 2040 1387 2121 φθόνος·
1400 2037 1421 2118 3)

187 2157 301 2220 τούτου
333 2153 359 2221 δ’
388 2158 476 2236 ἐκτὸς
506 2157 550 2222 ὢν
584 2159 686 2222 πάντα
710 2159 758 2221 ὅτι
779 2156 916 2235 μάλιστα
939 2159 1088 2240 γενέσθαι
1111 2153 1278 2240 ἐβουλήθη
1301 2181 1423 2236 παρα·

187 2271 345 2347 πλήσια
381 2275 509 2360 ἑαυτῷ
526 2294 533 2308 ’
557 2277 673 2350 ταύτην
703 2270 739 2349 δὴ
771 2276 923 2358 γενέσεως
946 2278 993 2338 καὶ
1019 2275 1139 2354 κόσμου
1161 2272 1286 2354 μάλιστ’
1310 2270 1351 2335 ἄν
1375 2299 1423 2346 τις

188 2388 294 2474 ἀρχὴν
328 2388 518 2473 κυριωτάτην
550 2390 622 2475 παρ’
653 2387 780 2475 ἀνδρῶν
809 2393 972 2475 φρονίμων
996 2386 1235 2475 ἀποδεχόμενος
1260 2390 1423 2472 ὀρθότατα

187 2503 366 2592 ἀποδέχοιτ’
390 2506 455 2571 dv·
478 2505 659 2592 βουληθεὶς
681 2488 745 2593 γάρ
768 2508 876 2585 (ideoq
900 2506 1038 2592 ἀγαθά
1060 2512 1129 2590 μὲν
1152 2504 1295 2584 πάντα,
1323 2504 1424 2591 φλαῦ-

187 2652 246 2707 ρον
270 2621 300 2690 δὲ
324 2621 419 2707 μηδὲν
443 2624 519 2690 εἶναι
543 2625 619 2690 κατά
643 2622 795 2707 δύναμιν,
832 2625 914 2690 οὕτω
938 2622 976 2701 di)
1000 2628 1084 2700 πᾶν,
1116 2627 1196 2690 ὅσον
1219 2628 1257 2701 ἦν
1282 2625 1423 2708 ὁρατὸν,

187 2740 390 2827 παραλαβὼν
424 2743 488 2828 οὐχ
522 2745 663 2829 ἡσυχίαν
698 2742 799 2828 άγου,
834 2740 919 2808 αἶλλά
942 2744 1127 2822 κινούμενον
1151 2740 1349 2823 πλημμελῶς
1373 2746 1422 2806 καὶ

189 2857 352 2937 ἀτάκτως,
391 2863 435 2934 εἷς
465 2857 554 2934 τάξιν
592 2860 669 2924 αὐτὸ
708 2860 829 2945 ἤγαγεν
867 2862 898 2924 ἐκ
934 2869 990 2934 τῆς
1029 2857 1177 2938 ἀταξίας,
1218 2857 1423 2944 ἡγησάμενος

189 2980 286 3043 ἐκεῖνο
309 2981 423 3043 τοΰτου
445 2977 573 3054 πάντως
595 2978 744 3060 ἄμεινον·
779 2981 890 3060 θέμις
914 2975 954 3043 δὲ
978 2975 1062 3041 οὔτ’
1085 2981 1131 3053 ἦν
1155 2975 1238 3042 οὔτ’
1263 2976 1353 3041 ἔστι
1375 2982 1425 3063 τῷ

189 3094 326 3181 ἀρίστῳ
350 3092 441 3180 δρᾶν
465 3096 687 3172 άλλοπλὴν
710 3097 746 3160 τὸ
771 3092 1230 3180 κάλλιστου·λογισάμευος
1254 3092 1313 3158 οὖν
1341 3094 1422 3179 εὕρι·

189 3241 261 3278 σκεν
277 3215 387 3278 ἐκτῶν
403 3212 478 3278 κατά
495 3216 591 3298 φύσιν
608 3217 732 3298 ὁρατῶν
747 3210 840 3278 οὐδὲν
856 3214 996 3289 α’νόητον
1011 3219 1068 3277 τοῦ
1086 3218 1165 3276 νοῦν
1184 3211 1320 3296 ’ἔχοντος
1339 3209 1424 3276 ὅλον

190 3329 270 3395 ὅλου
293 3329 428 3395 κάλλιον
451 3330 577 3395 ’ἔσεσθαί
600 3331 669 3394 ποτ’
692 3329 804 3416 ἔργον,
829 3337 907 3395 νοῦν
924 3327 999 3395 δἀὗ
1017 3333 1119 3415 χωρὶς
1136 3331 1244 3413 ψυχῆς
1260 3325 1424 3394 ἀδύνατον

189 3451 421 3533 παραγενέσθαι
444 3466 521 3533 τῳ·
559 3445 622 3513 διά
655 3445 699 3523 dn)
730 3450 799 3513 τὸν
829 3446 1034 3530 λογισμὸν
1070 3443 1185 3511 τόνδε
1221 3449 1319 3508 νοῦν
1354 3449 1424 3527 μὲν

190 3568 230 3630 ἐν
253 3568 384 3652 ψυχῇ,
417 3567 557 3651 ψυχὴν
589 3562 627 3630 di
656 3567 695 3630 ἐν
720 3565 875 3646 σώματι
907 3561 1108 3638 ξυνιστὰς
1135 3562 1178 3625 τὸ
1209 3566 1287 3626 πῖιν
1313 3558 1425 3634 ξυνε-

189 3687 444 3758 τεκταῖνετο,
477 3687 585 3758 ὅπως
617 3686 677 3747 ὅτι
701 3680 935 3747 κάλλιστον
969 3680 1030 3755 εἴη
1065 3677 1164 3745 κατά
1193 3681 1316 3764 φύσιν
1341 3679 1426 3764 ἄρι-

191 3803 289 3865 στόν
327 3829 364 3865 τε
400 3800 524 3887 ’ἔργον
562 3797 955 3885 α’πειργασμένος4),
988 3797 1121 3871 οὕτως
1159 3792 1299 3871 odedi)
1324 3796 1425 3861 κατὰ

227 4094 244 4156 ¹)
279 4093 330 4143 cic.
349 4094 379 4144 de
394 4097 446 4143 nat.
464 4094 529 4144 deor.
548 4093 592 4154 ΙΙ,
611 4096 665 4143 118.

223 4191 244 4251 ²)
280 4183 353 4240 Oons'.
372 4191 403 4239 ad
421 4189 499 4239 Mare.
518 4193 565 4250 26,
584 4190 605 4241 7.

225 4287 245 4349 ³)
282 4286 320 4335 of.
339 4303 376 4336 vs.
396 4289 458 4334 156:
482 4284 562 4334 dicere
589 4300 660 4348 porro
685 4283 815 4333 hominum
840 4299 914 4332 eausa
937 4280 1046 4331 voluisse
1066 4295 1151 4344 parare
1167 4279 1319 4342 praeclaram
1334 4279 1425 4329 mundi

191 4386 304 4430 naturam
322 4385 379 4430 cett.

225 4475 245 4538 ⁴)
281 4475 318 4523 Of.
338 4477 398 4522 196:
417 4473 463 4522 hoc
480 4479 563 4522 tamen
579 4490 610 4523 ex
626 4473 687 4536 ipsis
705 4472 767 4522 caeli
783 4471 921 4521 rationibus
938 4469 1017 4520 ausim
1034 4470 1178 4519 confirmare
1189 4468 1294 4533 aliisque
1306 4484 1337 4517 ex
1348 4468 1423 4518 rebus

191 4571 291 4619 reddere
316 4568 416 4628 multis,
442 4584 598 4632 nequaquam
614 4569 685 4618 nobis
702 4567 824 4617 divinitus
842 4583 895 4616 essa
911 4571 1022 4630 paratam
1038 4569 1152 4614 naturam
1169 4581 1267 4628 rerum,
1286 4571 1357 4614 tanta
1372 4571 1422 4613 stat

187 4668 300 4728 praedito
317 4667 393 4726 culpo.
