3196 5160
177 116 229 197 pig
252 113 356 197 φύσει,
389 113 435 175 ὅτι
458 110 495 175 τὰ
519 109 673 195 ἀναγκαῖα
697 111 842 185 ἐποίησεν
864 110 1056 195 εὐπόριστα,
1089 111 1127 175 τὰ
1150 107 1182 176 δὲ
1205 107 1404 195 δυσπόριστα

177 229 234 294 οὐκ
267 229 421 314 ἀναγκαῖα
441 225 470 309 ¹).
517 225 569 289 Sic
604 225 700 289 etiam
731 225 825 289 multi
858 226 905 289 illi
927 226 1007 308 loci,
1039 226 1153 312 quibus
1175 226 1305 290 nomine
1329 224 1404 289 deo·

177 366 248 408 rum
290 349 422 408 naturae
456 343 540 408 vires
574 342 743 406 Lucretius
785 344 945 426 celebrat,
977 343 1133 429 imprimis
1163 342 1339 407 clarissima
1370 347 1404 407 et

176 460 390 548 pulcherrima
411 460 467 523 illa
488 459 626 523 Veneris
648 460 805 525 invocatio
829 461 921 524 initio
944 461 1017 523 libri
1040 460 1134 545 primi
1149 461 1194 543 ²),
1222 459 1403 531 111111001-

177 579 300 661 tinent,
324 577 502 663 quodcum
525 577 657 662 Epicuri
680 583 787 640 mente
809 599 872 640 non
895 578 1075 641 conveniat.
1114 578 1288 642 Praeterea
1304 581 1402 661 poeta

177 695 261 759 cavit
283 716 323 758 ne
346 695 379 757 in
404 715 526 758 errores
549 715 606 759 eae
629 694 834 778 metaphorae
859 695 974 759 ducere
997 700 1147 779 possent,
1178 715 1251 758 cum
1275 693 1401 778 saepius

177 811 232 895 qui
254 811 317 873 siut
338 809 574 893 intellegendae
598 808 666 893 ipse
688 808 851 872 indicavit.
877 809 924 873 Of.
949 809 1014 891 IV,
1041 811 1141 892 1058;
1164 808 1214 891 V,
1238 809 1314 872 821.

219 928 392 991 Praeterea
414 927 561 991 Ritterus
583 925 665 989 hanc
688 927 727 989 ob
750 948 878 990 causam
902 928 1088 990 Lucretium
1110 925 1204 990 laude
1222 925 1400 1009 digniorem

178 1067 246 1110 csse
268 1046 337 1109 vult
360 1066 455 1131 quam
478 1045 670 1130 Epicurum,
694 1045 769 1130 quia
791 1045 894 1128 magis
917 1051 1050 1108 naturae
1066 1043 1289 1130 phaenomena
1304 1042 1400 1107 firmis

176 1163 352 1226 rationibus
386 1162 574 1247 legibusque
608 1162 710 1224 teneri
734 1161 845 1225 doceat
861 1161 895 1240 3).
940 1162 985 1225 At
1019 1162 1144 1225 Rittero
1175 1166 1400 1244 argumentum

177 1280 343 1366 quaerenti
373 1279 499 1343 fortuna
521 1300 584 1342 non
608 1279 723 1342 arrisit.
769 1278 841 1343 Hoc
864 1279 949 1342 enim
972 1279 1102 1363 profert.
1146 1278 1185 1341 In
1207 1277 1400 1363 phaenome-

176 1384 226 1460 nis
261 1395 458 1483 explicandis
481 1396 608 1459 Rittero
632 1396 736 1460 iudice
759 1418 854 1481 quam
876 1397 1016 1460 manime
1039 1395 1152 1460 vitavit
1173 1401 1272 1480 poeta
1295 1415 1401 1460 casum

177 1514 399 1599 fortunamque
433 1513 605 1595 inducere,
640 1514 716 1598 quin
752 1514 847 1577 etiam
882 1515 983 1598 ipsam
1006 1513 1178 1576 humanam
1200 1512 1400 1577 voluntatem

175 1631 271 1695 certis
295 1630 397 1694 causis
413 1629 536 1693 definiri
560 1636 592 1693 et
614 1630 735 1693 moveri
758 1629 875 1693 docuit.
899 1630 1002 1715 Supra
1024 1650 1097 1716 pag.
1115 1632 1166 1712 99,
1185 1630 1246 1693 100
1262 1629 1400 1693 vidimm

176 1747 210 1811 id
232 1768 343 1812 verum
367 1768 454 1829 esse,
478 1746 533 1810 sed
557 1747 653 1810 simul
677 1768 719 1810 ex
733 1747 810 1832 ipsis
826 1747 957 1832 Epicuri
974 1748 1099 1833 scriptis
1112 1747 1397 1811 demonstravimus

176 1864 364 1947 magistrum
386 1863 471 1927 idem
494 1863 606 1927 fecisse
631 1869 663 1928 et
686 1864 875 1949 discipulum
897 1886 961 1928 nou
980 1865 1074 1929 laude
1090 1865 1146 1929 sed
1163 1865 1398 1949 vituperatione

176 1982 283 2066 potius
317 1980 449 2064 dignum
484 2002 573 2063 esse,
609 2003 681 2045 cum
714 1982 820 2045 media
842 1983 876 2045 in
901 1982 1114 2046 controversia
1136 1970 1193 2045 nos
1215 1981 1403 2068 reliquerit,

176 2119 271 2184 quam
300 2097 456 2181 magister
490 2095 610 2161 evitare
644 2099 696 2161 vel
730 2098 851 2162 solvere
886 2104 1018 2162 conatus
1052 2099 1102 2162 sit.
1153 2098 1241 2173 Quae
1277 2098 1406 2185 reliqua

178 2214 360 2279 discrimina
382 2215 527 2278 Ritterus
551 2236 584 2278 se
607 2216 726 2279 eruisse
749 2222 858 2301 putat,
887 2238 959 2280 cum
983 2217 1180 2301 superiorum
1206 2216 1406 2300 gravitatem

177 2353 241 2395 non
272 2338 440 2418 superent,
474 2332 648 2417 praeterire
681 2333 771 2396 nobis
805 2333 918 2415 liceat,
948 2338 985 2396 ut
1012 2338 1168 2419 quatenus
1193 2332 1408 2418 Empedoclis

178 2449 320 2513 doctrina
356 2449 488 2534 Epicuri
527 2449 762 2535 philosophiam
800 2450 950 2514 Lucretio
987 2451 1163 2535 interprete
1197 2449 1404 2535 immutarit,

175 2565 416 2648 investigemus.
461 2565 581 2629 Eorum
616 2567 728 2650 turba,
771 2568 826 2653 qui
859 2567 892 2630 id
919 2567 1095 2650 affirmant,
1129 2588 1192 2631 non
1226 2566 1408 2635 admodum

177 2688 225 2746 est
248 2704 362 2767 parva,
397 2683 481 2746 inter
503 2704 581 2768 quos
604 2684 808 2747 numerandi:
854 2685 994 2748 Eriesius
1008 2687 1052 2768 ⁴),
1083 2685 1228 2749 Ritterus
1242 2682 1287 2768 ⁵),
1318 2685 1409 2753 Kar·

177 2797 297 2862 stenius
313 2799 353 2881 6),
388 2798 602 2863 Reisackerus
620 2798 658 2881 ⁷),
693 2800 820 2863 Hallier
836 2799 877 2883 ⁸),
908 2801 1071 2864 Baestlein
1087 2800 1119 2882 9).
1164 2774 1286 2864 Omnes
1309 2823 1409 2888 quos·

175 2913 248 2979 dam
270 2915 357 2978 locos
371 2919 501 2993 notant,
529 2915 643 3000 quibus
666 2916 845 2999 Lucretius,
861 2917 1088 3003 Empedoclem
1104 2922 1241 2998 secutus,
1266 2917 1310 2982 ab
1324 2917 1409 3007 Epi·

210 3190 228 3254 ¹)
265 3188 332 3239 Stob.
351 3188 437 3239 Floril.
455 3189 486 3251 1,
505 3192 559 3239 281.

208 3284 229 3347 ²)
263 3284 329 3333 Mira
353 3291 391 3334 est
407 3284 567 3348 congruentia
583 3301 619 3334 vs.
639 3288 685 3334 22:
710 3302 771 3345 „nec
788 3287 882 3345 sinete
901 3288 1013 3351 (Venere)
1033 3287 1165 3353 quiequam
1181 3286 1281 3337 dias‘in
1298 3288 1414 3343 luminis

176 3393 230 3428 oras
247 3378 387 3439 exoritur'',
405 3395 461 3428 cum
477 3379 524 3428 hoc
542 3379 656 3429 Schilleri
672 3395 762 3430 versu:
781 3381 869 3441 „Ohne
887 3382 963 3432 Liebe
979 3382 1052 3431 kehrt
1067 3381 1127 3431 kain
1144 3380 1269 3446 Frdhling
1281 3382 1414 3437 wiodar’.

210 3473 230 3538 ³)
266 3473 326 3536 Pag.
353 3473 383 3524 97
394 3489 399 3521 :
435 3472 526 3522 Hierin
550 3473 646 3523 scheint
671 3490 697 3523 er
720 3474 859 3538 uberhaupt
883 3492 940 3525 rom
965 3475 1089 3539 Epikuros
1111 3473 1181 3524 nicht
1200 3476 1416 3532 unvortheilhaft

177 3567 228 3618 sich
254 3584 288 3616 zu
307 3567 516 3628 unterscheiden,
543 3569 598 3618 dass
623 3584 650 3618 er
675 3571 718 3619 das
735 3570 931 3634 Gesetzm'assige
947 3571 974 3620 in
991 3573 1034 3620 der
1049 3568 1228 3634 Entwieklung
1243 3570 1291 3621 der
1308 3573 1416 3627 Natur.

176 3661 371 3726 erseheinuugen
388 3663 464 3713 festor
480 3680 514 3713 zu
529 3662 614 3713 halten
631 3664 717 3715 strebt.

208 3755 229 3821 4)
264 3754 411 3806 Geschichte
427 3757 470 3805 der
486 3756 654 3820 Philosophia.
688 3757 763 3808 Halle
782 3758 858 3827 1837,
877 3757 925 3808 vol.
945 3762 974 3819 l,
992 3775 1016 3821 p.
1034 3760 1089 3807 209.

209 3849 227 3908 ⁵)
261 3849 290 3898 n.
308 3848 325 3897 1.
342 3865 366 3912 p.
385 3853 423 3900 sa
1109 3830 1115 3842 '

208 3943 229 4008 ὃ)
264 3943 418 4006 Empedoclis
433 3945 591 4009 Agrigentini
607 3948 742 3996 carminum
758 3947 883 4013 reliquiae.
916 3947 1092 3998 Amstelodami
1108 3947 1216 4009 Mullcr,
1234 3949 1312 4000 1838.

209 4038 230 4099 ⁷)
265 4037 364 4094 Quaest.
383 4039 479 4089 Lucret.
497 4056 521 4103 p.
540 4043 579 4089 43.

209 4133 229 4195 ⁸)
264 4133 364 4182 Lucreti
381 4133 495 4184 Carmina
511 4151 525 4184 0
541 4136 686 4200 fragmentis
702 4137 857 4200 Empedoclis
874 4137 1025 4187 adumbrata.
1058 4137 1136 4188 Jonas
1153 4135 1224 4191 1857.

208 4227 229 4294 ⁰)
264 4227 330 4286 Quid
346 4229 433 4278 debeat
449 4229 578 4280 Lueretius
595 4232 738 4294 Empedocli
754 4232 922 4297 Agrigentino.
961 4232 985 4283 S.
1003 4232 1021 4282 l.
1038 4236 1063 4282 et
1078 4249 1101 4282 a
