3196 5160
761 305 823 371 185

186 526 208 573 a
239 506 423 570 Democrito
457 505 674 593 discrepabat,
707 505 767 571 etsi
801 505 996 570 constantius
1019 524 1145 590 semper
1166 502 1219 568 hio
1241 502 1408 577 ratiocina-

187 629 259 705 tur,
291 629 398 688 tamen
428 623 576 710 quoniam
600 645 672 688 cum
694 623 824 710 Epicuri
848 622 961 686 ethicis
983 620 1149 707 principiis
1172 619 1407 700 cohaerebant,

188 740 314 804 stabilia
336 761 405 804 esse
429 740 596 804 debebant.
643 741 713 823 Sic,
736 746 773 805 ut
798 739 858 804 hoc
873 745 966 822 utar,
990 739 1159 803 declinatio
1174 743 1351 802 atomorum
1366 734 1406 800 ab

187 857 325 942 Epicuro
337 857 484 939 inventa,
508 857 665 943 quomodo
681 857 782 921 libera
797 877 853 920 nos
868 862 995 920 utamur
1006 855 1171 920 voluntate
1183 854 1343 940 explicare
1353 850 1406 916 de·

186 974 266 1057 buit,
279 973 362 1060 quod
373 974 525 1058 placitum
538 975 622 1038 inter
631 975 818 1059 gravissima
826 975 923 1038 totius
932 973 1053 1038 ethices
1062 974 1239 1059 Epicureae
1248 971 1405 1036 exstabat.

186 1091 299 1177 Itaque
322 1091 391 1177 ipsa
413 1091 555 1156 doctrina
577 1092 656 1155 fines
682 1092 896 1177 praescripsit,
920 1112 998 1178 quos
1020 1090 1197 1175 transgredi
1220 1111 1284 1153 non
1296 1088 1405 1153 licuit:

187 1226 268 1291 quae
292 1212 379 1271 certa
399 1212 455 1272 aut
476 1207 600 1272 incerta
624 1213 749 1291 essent,
773 1213 920 1273 accurate
945 1213 1014 1271 erat
1036 1206 1222 1271 indicatum.
1256 1205 1295 1268 In
1317 1203 1406 1269 scho-

186 1323 250 1386 lam
283 1323 512 1408 Epicureorum
546 1324 606 1389 hoc
640 1337 734 1411 saepe
764 1325 915 1390 iteratum
946 1324 1088 1389 Lucretii
1111 1323 1231 1386 dictum
1254 1321 1406 1408 quadrat:

188 1440 426 1527 ,quodcumque
461 1443 525 1505 suis
559 1447 718 1506 mutatum
751 1442 866 1506 finibus
901 1441 987 1525 exit,
1022 1441 1128 1506 statim
1158 1440 1191 1504 id
1236 1460 1321 1502 mors
1358 1442 1408 1502 est

185 1557 271 1622 illius
304 1558 388 1644 quod
417 1558 478 1622 fuit
500 1561 614 1623 ante”:
646 1559 700 1645 qui
723 1559 868 1643 magistri
889 1558 1075 1645 principiis,
1109 1557 1207 1622 animi
1230 1555 1407 1642 tranquilli-

185 1680 284 1740 tatem
314 1698 472 1742 summum
503 1699 572 1741 esse
595 1677 732 1761 bonum,
766 1683 913 1741 naturam
936 1677 1042 1742 omnia
1065 1697 1106 1741 ex
1129 1676 1242 1740 atomis
1264 1680 1407 1740 constru-

184 1794 270 1856 xisse
293 1793 353 1857 diis
376 1800 563 1878 expertem,
588 1814 698 1858 sensus
722 1794 804 1858 solos
827 1793 904 1880 quid
926 1815 1038 1858 verum
1061 1792 1102 1857 sit
1118 1792 1319 1888 diiudicare,
1343 1811 1406 1854 non

186 1910 420 1974 assentiebatur
452 1933 471 1974 a
502 1909 610 1974 schola
640 1908 891 1994 excludebatur,
927 1912 981 1997 qui
1014 1931 1053 1975 ea
1074 1909 1249 1996 probabat,
1284 1908 1407 1994 reliqua

185 2048 303 2111 negare
337 2049 400 2091 non
430 2033 564 2113 poterat.
611 2028 685 2113 Ipse
707 2028 865 2113 Epicurus
887 2028 1098 2092 constantiam
1121 2047 1191 2091 eam
1214 2045 1407 2111 consequen·

185 2150 251 2208 tem
275 2164 344 2208 esse
368 2143 530 2208 doctrinae
553 2143 734 2207 evidentiae
757 2143 912 2227 credidit,
941 2143 1018 2229 quin
1042 2143 1139 2207 etiam
1154 2162 1227 2206 cum
1241 2140 1407 2204 hominum

185 2261 323 2346 corporis
347 2267 452 2344 statu,
480 2281 555 2345 ergo
579 2281 651 2324 cum
674 2265 852 2324 atomorum
874 2260 976 2324 forma
1002 2264 1035 2324 et
1054 2258 1234 2345 „positura”
1249 2279 1319 2322 eam
1334 2278 1407 2323 con-

184 2379 299 2442 iunxit.
345 2377 450 2443 Ἀλλὰ
475 2383 521 2443 καὶ
546 2379 603 2443 τὸν
628 2376 713 2452 ἅπαξ
735 2380 908 2463 γενόμενον
931 2381 1035 2463 σοφὸν
1058 2380 1160 2460 μηκέτι
1181 2379 1240 2452 τὴν
1263 2378 1406 2440 ἐναντίαν

184 2493 361 2581 λαμβάνειν
391 2492 530 2560 διάθεσιν
561 2493 635 2577 μηδὲ
665 2495 813 2561 πλάττειν
837 2497 947 2560 ἑκόντα
971 2516 978 2530 ·
1005 2495 1119 2560 πάθεσι
1141 2492 1269 2574 μᾶλλον
1292 2518 1407 2576 συσχε-

182 2616 336 2689 θήσεσθαι
362 2634 369 2649 ·
393 2613 451 2678 οὐκ
474 2612 512 2677 ἂν
535 2610 698 2695 ἐμποδίσαι
721 2614 804 2698 πρὸς
825 2615 884 2689 τὴν
908 2615 1028 2697 σοφίαν
1051 2631 1059 2647 ·
1084 2608 1155 2676 οὐδὲ
1177 2611 1240 2693 μὴν
1255 2611 1285 2674 ἐκ
1301 2609 1406 2686 πάσης

183 2731 328 2813 σώματος
363 2728 456 2806 ἕξεως
478 2731 582 2816 σοφὸν
605 2733 751 2817 γενέσθαι
774 2729 813 2796 ἂν
837 2728 904 2796 οὐδ’
927 2733 959 2795 ἐν
982 2734 1076 2795 παντὶ
1100 2729 1181 2795 ἔθνει
1200 2725 1229 2811 1).
1275 2724 1406 2811 Sapien-

183 2851 249 2912 tem
271 2845 354 2910 dixit
377 2845 553 2934 δογματιεῖν
575 2876 607 2914 τε
629 2852 677 2914 καὶ
701 2849 758 2914 οὐκ
780 2849 952 2932 ἀπορήσειν
968 2848 1001 2930 ²).

225 2964 372 3050 Denique
405 2969 505 3029 restat
535 2969 572 3027 ut
601 2965 711 3050 paucis
734 2985 815 3051 quae
839 2965 902 3027 sint
925 2963 1070 3027 Lucretii
1093 2961 1269 3026 carminum
1291 2959 1407 3024 merita

183 3101 369 3163 narremus,
404 3101 444 3144 ne
478 3079 559 3144 forte
593 3084 687 3165 putes
721 3101 779 3143 nos
813 3100 887 3144 eum
911 3101 990 3165 opus
1016 3098 1287 3164 supervacaneum
1310 3077 1407 3162 scrip·

185 3197 262 3261 sisse
294 3218 434 3262 censere.
480 3196 650 3261 Lucretius
684 3201 733 3260 est
765 3202 861 3282 poeta
916 3197 1035 3261 Poesin
1069 3202 1177 3261 autem
1211 3200 1248 3259 ut
1285 3201 1407 3258 ceteras

184 3320 268 3379 artes
303 3315 461 3400 Epicurus
494 3336 558 3378 non
589 3315 698 3399 magni
728 3314 856 3378 duxisse
881 3315 1028 3397 videtur,
1064 3337 1136 3379 cum
1159 3335 1229 3378 eam
1251 3311 1407 3398 puerilem

186 3431 432 3497 delectationem
466 3437 595 3496 vocaret
629 3436 661 3495 et
691 3407 798 3516 potius
828 3433 1121 3519 voluptatisquam
1143 3431 1290 3495 utilitatis
1313 3431 1409 3493 causa

186 3549 396 3614 exercendam
419 3547 455 3634 ³).
483 3549 651 3615 Lucretius
673 3555 710 3613 ut
731 3549 834 3614 fidelis
856 3551 1000 3634 magistri
1024 3548 1215 3634 discipulus,
1234 3547 1319 3611 idem
1336 3567 1408 3611 con·

185 3666 311 3730 firmare
345 3667 460 3751 audet,
490 3688 563 3732 cum
586 3667 636 3731 IV
671 3688 717 3731 vs.
744 3668 784 3730 10
808 3688 893 3754 seqq.
918 3672 1012 3732 canat
1035 3688 1069 3731 sc
1091 3666 1217 3753 poetica
1238 3665 1338 3729 forma
1360 3662 1408 3727 uti

185 3784 238 3848 vel
270 3805 418 3865 ,musaeo
450 3784 534 3849 dulci
558 3786 744 3869 contingere
766 3785 883 3849 melle”
907 3785 1084 3869 rationem,
1117 3785 1303 3870 plerumque
1327 3802 1408 3868 quae

184 3900 333 3965 videatur
365 3901 486 3965 tristior
519 3921 605 3984 esse,
640 3909 698 3980 ut,
734 3902 1002 3988 quemadmodum
1035 3902 1151 3966 medici
1171 3900 1278 3986 pueris
1301 3919 1408 3963 amara

185 4016 418 4081 medicamenta
451 4018 658 4102 ,contingant
688 4019 791 4083 mellis
816 4018 901 4082 dulci
923 4020 1069 4105 flavoque
1092 4018 1215 4104 liquore
1237 4022 1274 4079 ut
1296 4035 1408 4101 puero-

185 4154 257 4198 rum
279 4139 367 4199 aetas
389 4135 567 4220 improvida
589 4133 812 4217 ludificetur'’,
837 4135 881 4198 sic
906 4155 1029 4222 quoque
1046 4135 1155 4220 pulcra
1169 4131 1410 4218 poeticaforma

186 4250 307 4316 aridam
341 4257 373 4315 et
402 4252 512 4316 multis
542 4251 748 4316 iniucundam
771 4252 947 4317 doctrinam
971 4256 1114 4316 exornet.
1159 4248 1341 4313 Laudemus
1363 4253 1409 4312 ta-

219 4455 240 4520 ¹)
273 4455 306 4505 D.
324 4456 353 4506 L.
371 4455 411 4516 X,
432 4455 486 4507 117.

218 4550 239 4614 ²)
273 4551 305 4601 D.
322 4549 352 4600 L.
370 4549 411 4614 X,
430 4553 484 4600 121.

218 4643 240 4710 3>
274 4643 325 4696 Cic.
342 4644 372 4694 dc
388 4643 445 4694 rin.
462 4643 484 4694 Ι.
502 4643 569 4695 Plut.
586 4641 644 4694 Non
659 4657 730 4706 posse
747 4658 817 4694 suar.
835 4643 889 4694 vivi
906 4647 963 4694 ectt.
997 4643 1029 4693 D.
1047 4643 1076 4694 L.
1095 4642 1136 4704 X,
1157 4645 1210 4692 120.
