3196 5160
132 130 259 174 surum.
304 112 458 175 Munrous
482 117 589 176 autem
612 118 704 197 putat
728 113 914 176 Lucretium
938 111 1060 177 Stoicos
1082 111 1135 175 hio
1152 111 1319 191 refellere,
1336 113 1368 173 et
1447 157 1449 161 -

124 226 240 290 multa
273 233 462 310 argumenta
492 227 585 290 affert
608 227 648 291 ad
671 227 753 291 hano
777 229 959 313 opinionem
984 227 1216 292 defendendam
1231 226 1263 308 ¹).
1308 225 1340 290 A
1355 262 1368 275 ·

119 347 249 408 tamen
272 345 302 408 ei
325 345 472 408 assentiri
497 367 560 408 non
583 366 767 429 possumne,
791 335 936 431 quamvis
959 345 1107 409 lubenter
1122 344 1156 408 id
1171 344 1368 408 faceremus:

107 480 233 545 nam,
265 462 291 526 si
315 462 438 527 Stoicos
460 461 510 526 his
535 470 734 548 oppugnaret
757 471 873 550 poeta,
907 485 1000 528 nemo
1024 445 1128 545 esset,
1152 462 1207 549 qui
1234 466 1367 544 negaret

107 600 212 644 eum
246 579 326 644 haee
358 587 547 664 argumenta
577 603 618 646 ex
648 581 780 667 Epicuri
804 583 930 668 seriptis
953 582 1134 667 sumpsisse.
1181 580 1243 644 Sed
1268 579 1367 643 Stoici

98 698 293 761 mundum
328 704 494 763 aeternum
529 719 598 762 esse
631 699 794 783 negabant
807 699 850 783 2):
886 701 1053 785 ἐκπυρώσει
1078 699 1183 764 omnia
1204 697 1365 783 peribunt.

98 811 324 879 Heraclitus
357 815 456 879 talem
478 816 590 879 mundi
613 816 779 881 interitum
802 818 866 880 iam
890 817 1016 880 docuit:
1049 818 1101 882 ἕνα
1124 817 1201 881 εἶναι
1225 817 1366 896 κόσμον,

94 937 314 1018 ’γεννᾶσθαί
345 962 376 998 τε
411 934 508 998 αὐτὸν
539 937 570 999 ἐκ
602 936 705 1020 πυρὸς
736 940 784 1000 καὶ
815 934 915 1000 πάλιν
945 914 1156 1019 ἔκπνροῐισθαι
1179 933 1254 997 κατά
1278 961 1367 1007 τινας

97 1048 306 1136 περιόδους
329 1049 472 1125 ἐναλλὰξ
493 1053 549 1117 τὸν
574 1055 739 1132 σύμπαντα
763 1057 861 1118 αἰῶνα
871 1050 903 1134 ³).
950 1051 1034 1115 Eum
1058 1054 1228 1136 sequentes
1251 1048 1365 1113 Stoici:

97 1170 256 1254 ἇρέσκει
288 1166 319 1234 δὲ
351 1177 420 1243 τοῖς
442 1167 676 1254 πρεσβυτάτοις
699 1174 763 1234 τῶν
786 1171 850 1235 ἀπὸ
873 1180 929 1246 τῆς
953 1173 1100 1255 αἱρέσεως
1123 1171 1260 1245 ταύτης,
1284 1165 1366 1241 ἐξαε-

95 1291 273 1371 ροῦσθαι
302 1287 405 1352 πάντα
440 1288 515 1351 κατὰ
550 1284 728 1370 περιόδους’
751 1290 840 1362 τινὰς
872 1288 928 1364 τὰς
951 1291 1103 1371 μεγίστας
1127 1289 1172 1362 εἷς
1195 1290 1258 1370 πῦρ
1282 1288 1366 1349 αἰθε-

94 1400 237 1488 ρῶδες
274 1405 499 1484 ἇναλυομένοιν
532 1401 706 1485 πάντων).
767 1405 904 1489 Ἀρέσκει
939 1401 966 1470 δ’
988 1405 1095 1483 αὐτοῖς
1134 1407 1183 1469 καὶ
1222 1404 1365 1489 φθαρτὸν

99 1520 214 1586 εἶναι
246 1521 302 1585 τὸν
337 1523 476 1602 κόσμον,
512 1520 563 1586 ὅτε
586 1522 720 1607 γενητὸν
743 1526 787 1608 τῷ
810 1521 902 1608 λόγῳ
924 1525 988 1587 τῶν
1012 1519 1048 1587 δι’
1073 1523 1251 1596 αἰσθήσεως
1274 1547 1365 1584 νοου-

95 1641 257 1719 μένων,
289 1638 325 1701 οὗ
360 1638 399 1702 τά
429 1665 460 1702 τε
491 1640 566 1722 μέρη
591 1639 717 1724 φθαρτά
740 1642 803 1703 ἐστι
827 1643 875 1703 καὶ
899 1638 935 1702 τὸ
960 1637 1059 1714 ὅλον,
1093 1638 1131 1703 τὰ
1156 1634 1187 1703 δὲ
1210 1640 1285 1722 μέρη
1308 1642 1364 1701 τοῦ

99 1757 259 1859 νεόσμου
293 1755 442 1840 φθαρτά“
479 1758 523 1829 εἰς
558 1754 688 1832 ἄλληλα
722 1757 784 1841 γὰρ
818 1753 1040 1841 μεταβάλλει·
1073 1756 1216 1841 φθαρτὸς
1250 1755 1311 1840 ἄρα
1346 1758 1363 1819 ὁ

102 1874 281 1963 κόσμος·
317 1875 365 1936 καὶ
401 1872 426 1936 εἴ
459 1900 487 1936 τι
521 1869 709 1938 ἐπιδεκτικόν
733 1875 797 1937 ἐστι
819 1883 874 1948 τῆς
898 1875 946 1937 ἐπὶ
969 1873 1006 1937 τὸ
1030 1882 1140 1959 χεῖρον
1163 1868 1364 1958 μεταβολῆς,

103 1988 283 2074 φθαρτόν
317 1989 403 2052 ἐστι·
428 1994 476 2052 καὶ
511 1991 529 2052 ὁ
557 1990 676 2069 κόσμος
700 1988 785 2075 ἄρα·
810 1987 1019 2075 ἐξαυχμοῦται
1042 1988 1104 2074 γὰρ
1128 1993 1175 2053 καὶ
1199 1985 1364 2062 ἐξυδατοῦ-

100 2135 182 2171 ται
194 2107 227 2186 ⁵).
273 2103 466 2187 Cleanthes,
502 2105 555 2190 qui
591 2105 690 2168 solem
725 2105 878 2170 dominari
910 2111 941 2169 et
964 2126 1070 2169 rerum
1094 2105 1190 2191 potiri
1212 2110 1304 2190 putat
1319 2109 1364 2187 ⁰),

100 2230 168 2310 τῇ
204 2225 372 2306 ἐκπυρώσει
401 2223 486 2310 λέγει
519 2228 577 2299 τὴν
612 2224 752 2300 σελήνην
787 2229 834 2289 καὶ
869 2223 907 2288 τι)
941 2221 1037 2289 λοιπιί
1067 2224 1165 2309 ἄστρα
1189 2225 1246 2289 τὸν
1270 2223 1364 2300 ἥλιον

105 2339 335 2422 ἐξομοιώσειν
364 2342 466 2405 πάντα
501 2343 599 2426 luvra*
628 2346 677 2406 καὶ
708 2339 901 2426 μεταβαλεῖν
932 2345 976 2421 εἷς
1008 2343 1168 2423 {aurove
1214 2340 1365 2405 Revera

106 2462 167 2520 ut
195 2475 237 2518 ex
259 2454 392 2519 Eusebii
415 2456 484 2521 loco
506 2456 600 2521 modo
622 2457 752 2521 laudato
775 2462 926 2543 apparet,
959 2458 1043 2521 inter
1065 2457 1258 2521 recentiores
1282 2457 1363 2522 Stoi-

111 2593 189 2638 oos
223 2571 373 2656 fuerunt,
404 2573 459 2659 qui
491 2573 647 2639 mundum
678 2580 845 2638 aeternum
876 2594 945 2638 esse
969 2580 1143 2659 putarent,
1178 2574 1262 2638 inter
1284 2595 1363 2661 quos

113 2689 311 2754 Panaetius
327 2688 351 2773 8)
387 2696 419 2754 et
448 2690 580 2754 fortasse
609 2691 754 2756 Boethus
769 2689 794 2775 9)
829 2691 1019 2756 numerandi
1045 2698 1140 2775 sunt,
1176 2691 1232 2755 sed
1255 2697 1364 2756 tamen

120 2807 280 2872 Lucretii
310 2813 454 2893 tempore
485 2809 585 2872 Stoioi
619 2809 743 2873 Romae
773 2815 900 2873 veteres
923 2808 1049 2874 soholae
1072 2809 1232 2895 principes
1255 2830 1364 2894 seque·

121 2924 274 2988 bantur:
313 2946 373 3007 ,ex
397 2947 459 3011 quo
483 2932 672 2991 eventurum
695 2927 795 2990 nostri
818 2932 933 3012 putant
959 2927 1092 3010 (Balbus
1116 2927 1241 2990 Stoicus
1263 2925 1363 3011 loqui-

129 3046 200 3119 tur)
225 3040 274 3125 id,
299 3041 338 3105 de
361 3063 423 3128 quo
446 3043 638 3108 Panaetium
661 3043 850 3108 addubitare
876 3043 1045 3126 dicebant,
1067 3049 1104 3106 ut
1127 3043 1168 3106 ad
1183 3049 1363 3106 extremum

146 3255 349 3266 *—

169 3377 187 3442 1)
225 3376 263 3426 ef.
281 3378 313 3426 ad
328 3394 365 3427 vs.
386 3381 448 3437 116,
468 3381 528 3439 119,
548 3381 602 3427 156.

164 3471 184 3532 ²)
222 3471 273 3528 Qui
296 3472 417 3522 Munrous
440 3473 560 3523 affirmare
581 3474 675 3537 possit,
701 3474 760 3536 „tho
777 3475 851 3526 stoios
868 3477 897 3538 of
911 3491 989 3524 course
1005 3473 1170 3537 maintaining
1186 3473 1219 3523 its
1236 3472 1362 3522 immorta-

120 3560 199 3632 lity”
220 3583 270 3617 non
286 3567 412 3632 intellego.

158 3662 186 3724 ³)
224 3663 256 3712 D.
273 3663 304 3715 L.
322 3662 378 3724 1X‚
397 3667 421 3712 8.

160 3758 187 3824 ⁴)
223 3758 314 3808 Eussb.
331 3775 369 3822 pr.
386 3775 425 3810 ev.
443 3761 616 3825 XV,18,1.

155 3837 197 3913 ⁵5
221 3853 295 3918 mog.
312 3855 342 3905 n.
361 3856 431 3917 vn,
451 3860 480 3917 1,
502 3860 557 3907 ιιι.

158 3948 189 4006 ⁶]
222 3949 273 3999 (lio.
290 3951 366 4000 Aoad.
385 3952 434 4012 ΙΙ,
453 3955 501 4014 41,
521 3955 574 4002 126.

155 4039 193 4104 7)
223 4044 289 4096 Plut.
308 4061 328 4094 o.
346 4051 397 4095 not.
416 4050 464 4108 31,
484 4050 522 4097 10.

157 4135 193 4199 ⁸)
226 4140 257 4188 Ι).
275 4141 304 4190 L.
323 4140 393 4201 VII,
413 4145 466 4191 141.

160 4228 194 4290 ⁹1
224 4235 304 4285 Zeller
320 4236 380 4296 ΙΙΙ,
401 4242 430 4298 1,
448 4254 504 4304 pag.
525 4242 570 4288 143
588 4244 639 4292 not.
