3196 5160
763 277 824 338 184

185 478 265 543 mari
298 482 405 565 potest
434 478 488 561 id,
523 478 607 565 quod
637 477 816 542 Numenius
838 477 1022 542 Platonicus
1044 474 1252 563 philosophus
1274 475 1316 540 ds
1338 474 1411 541 uni·

185 594 285 659 versis
317 594 483 679 Epicureis
517 595 659 680 scripsit:
691 584 812 679 ’ὑπῆρξέ
834 624 864 660 τι
887 597 918 659 ἐκ
941 601 997 660 τοῦ
1020 597 1067 659 ἐπὶ
1091 593 1243 659 πλεῖστον
1264 602 1335 672 τοῖς
1357 620 1412 676 με·

185 716 304 778 τέπειτα
334 713 577 798 Ἐπικουρείοις,
610 710 679 795 μηδ’
715 713 822 791 αὐτοῖς
854 716 948 777 εἰπεῖν
971 739 1021 777 πω
1045 714 1188 776 ἐναντίον
1211 708 1281 776 οὔτε
1305 710 1410 787 ἀλλή-

185 829 257 909 λοις
287 827 357 895 οὔτε
390 831 565 916 Ἐπικούρῳ
598 827 693 910 μηδὲν
724 833 767 907 εἰς
797 826 908 911 μηδὲν,
946 832 1042 894 ὅτου
1078 834 1140 894 καὶ
1171 832 1408 911 μνησθῆναι

185 945 322 1021 ditor:
357 945 434 1013 ἀλλ’
464 947 546 1011 ἔστιν
569 948 678 1021 αὐτοῖς
702 948 931 1032 παρανόμημα,
954 945 1083 1028 μᾶλλον
1107 943 1138 1011 δὲ
1161 943 1324 1031 ἀσέβημα,
1358 950 1408 1011 καὶ

188 1068 398 1150 κατέγνωσται
420 1065 456 1129 τὸ
480 1068 702 1146 καινοτομηὸἐν
722 1063 752 1142 ¹).
784 1064 880 1127 Multi
894 1064 958 1126 iam
974 1063 1034 1126 Viri
1052 1063 1136 1127 decii
1151 1063 1408 1146 investigarunt,

185 1181 298 1267 quibus
332 1181 461 1244 tandem
495 1183 597 1246 causis
619 1181 738 1246 factum
762 1182 821 1264 sit,
853 1187 891 1245 ut
914 1202 1024 1244 omnes
1046 1181 1197 1266 Epicurei
1220 1186 1312 1246 tanta
1334 1202 1408 1245 oum

185 1298 247 1362 fide
281 1298 469 1383 magistrum
504 1298 604 1361 secuti
640 1299 701 1361 sint
736 1299 867 1384 eiusque
891 1298 1065 1362 doctrinam
1087 1299 1288 1362 immutatam
1312 1297 1408 1363 tradi·

186 1413 301 1477 derint.
348 1414 429 1477 Sunt
459 1414 514 1499 qui
544 1419 658 1499 putent
681 1415 714 1478 id
736 1415 855 1479 factum
879 1437 948 1479 osse
970 1421 1100 1501 propter
1121 1415 1221 1501 ipsius
1242 1401 1409 1480 morientis

186 1531 316 1618 Epicuri
350 1537 596 1615 testamcutum,
632 1554 726 1618 quem
760 1533 869 1596 dicunt
901 1542 969 1610 τοῖς
1004 1533 1111 1619 φίλοις
1148 1533 1408 1618 παραγγείλαντα

186 1654 249 1713 τῶν
284 1646 450 1735 δογμάτων
481 1653 671 1731 μεμνῆσθαι,
706 1649 787 1714 οὕτω
821 1651 998 1725 τελευτῆσαι
1013 1647 1046 1732 ²).
1092 1649 1156 1713 Sed
1186 1649 1314 1713 difficile
1343 1671 1408 1713 11011

186 1771 235 1829 est
267 1765 307 1830 ad
340 1766 592 1850 intellegendum
623 1767 778 1830 eiusmodi
811 1772 1017 1852 praeceptum
1039 1767 1161 1832 nullam
1181 1766 1301 1832 habers
1323 1767 1408 1850 vim,

185 1883 246 1947 nisi
281 1904 404 1946 summa
436 1884 556 1969 pietate
588 1883 734 1968 discipuli
762 1884 859 1948 talem
882 1884 1069 1968 magistrum
1091 1890 1294 1949 venerentur.
1339 1885 1408 1949 Alii

186 2020 262 2085 ergo
293 2000 327 2064 in
353 1999 413 2064 hac
438 2021 515 2084 erga
537 2002 724 2085 magistrum
748 2002 868 2086 pietate
891 2023 1018 2066 causam
1042 2002 1202 2066 doctrinae
1225 2002 1409 2067 stabilitatis

185 2118 386 2182 invenerunt.
431 2118 474 2181 Et
506 2138 620 2182 revera
653 2119 750 2182 etiam
783 2119 951 2183 Lucretius
985 2125 1092 2183 sancte
1126 2124 1289 2205 tamquam
1312 2119 1409 2184 deum

185 2242 357 2301 veneratur
390 2235 587 2320 Epicurum:
625 2257 718 2325 „nam
748 2236 791 2319 si,
825 2242 862 2300 ut
892 2236 962 2322 ipsa
994 2237 1075 2322 petit
1108 2238 1257 2301 maiestas
1279 2237 1410 2322 cognita

186 2376 314 2438 rerum,
339 2354 507 2418 dicendum
531 2360 600 2437 est,
629 2354 705 2418 deus
728 2355 782 2418 ille
805 2354 881 2437 fuit,
905 2354 1003 2438 deus,
1025 2355 1146 2441 inclyte
1167 2355 1317 2439 Memmi,
1353 2356 1409 2442 qui

185 2472 334 2559 princeps
367 2473 453 2536 vitae
484 2473 640 2536 rationem
673 2473 797 2536 invenit
826 2493 914 2555 eam,
946 2493 1027 2559 quae
1049 2494 1134 2537 nunc
1158 2474 1337 2560 appellatur
1361 2496 1409 2539 sa·

185 2589 327 2676 pientia”
345 2591 389 2673 ³),
425 2595 457 2652 et
490 2589 545 2674 qui
579 2589 647 2674 ipse
683 2589 765 2651 dixit
800 2589 976 2674 sapientem
998 2589 1107 2653 vivere
1130 2592 1174 2666 ὡς
1195 2591 1272 2656 θεὸν
1295 2594 1327 2656 ἐν
1353 2590 1410 2658 ἂν·

185 2709 327 2793 θρώποις
342 2707 375 2789 4).
399 2744 440 2752 -
463 2705 611 2770 Athaco
635 2706 738 2791 pietas
760 2727 869 2770 rursus
892 2712 939 2770 est
962 2713 1175 2771 consentanea
1196 2707 1251 2772 alii
1274 2729 1409 2791 causae,

186 2845 267 2910 quae
300 2824 334 2886 in
368 2823 438 2909 ipsa
468 2823 611 2887 doctrina
633 2823 814 2909 quaerenda
837 2829 894 2887 est.
938 2824 1111 2888 Doctrinae
1134 2823 1315 2888 stabilitatis
1338 2825 1411 2910 ipsa

187 2941 330 3006 doctrina
354 2946 423 3005 erat
446 2963 559 3023 causa,
584 2961 686 3026 quae,
710 2961 782 3004 cum
806 2940 950 3004 sensibus
972 2940 1046 3005 solis
1068 2940 1223 3005 tribueret
1237 2941 1411 3006 veritatem

186 3065 220 3124 et
243 3064 424 3123 constanter
446 3057 506 3122 hoa
528 3058 720 3145 principium
742 3063 1003 3143 persequeretur,
1034 3064 1190 3121 summam
1212 3058 1411 3123 evidentiam

185 3176 320 3262 peperit.
365 3176 522 3262 Epicurus
556 3176 693 3261 plurima
726 3180 758 3239 et
791 3175 977 3258 gravissima
1011 3175 1120 3238 debuit
1154 3175 1302 3260 dogmata
1335 3177 1412 3243 illu-

185 3294 338 3358 strissimo
373 3292 572 3378 antiquitatis
606 3291 738 3378 physico
761 3292 945 3355 Democrito
960 3291 983 3369 ⁵)
1020 3291 1153 3357 ethaeo
1176 3293 1309 3378 placita,
1346 3296 1412 3359 nisi

185 3418 313 3476 nostrae
347 3412 462 3475 aetatis
495 3411 708 3474 instrumenta
731 3416 762 3474 et
785 3409 1006 3494 experimenta
1028 3410 1144 3473 tacitus
1167 3417 1328 3497 tamquam
1354 3435 1412 3478 an·

185 3529 282 3615 tiquis
305 3528 501 3614 temporibus
524 3535 599 3592 nota
622 3550 748 3609 sumas,
774 3527 827 3614 qui
849 3532 943 3613 putes
964 3527 1096 3591 refutari
1118 3529 1234 3612 posse?
1278 3529 1317 3593 In
1341 3552 1413 3596 me-

184 3647 281 3710 tecris
304 3652 429 3710 tantum
453 3646 652 3731 explicandis
675 3645 821 3731 discipuli
843 3667 862 3708 a
882 3644 1035 3728 magistro
1056 3666 1121 3708 non
1144 3645 1359 3730 tenebantur,
1384 3650 1413 3714 si

184 3762 277 3826 modo
312 3762 452 3826 divinam
486 3769 632 3826 naturam
655 3762 695 3826 ad
717 3761 795 3826 haec
818 3782 882 3825 non
905 3761 1119 3825 admoverent.
1165 3761 1251 3846 Ergo
1272 3762 1414 3849 physica

186 3879 319 3966 Epicuri
341 3879 459 3944 mutari
482 3902 501 3943 a
524 3879 686 3965 discipulis
708 3900 773 3943 non
794 3884 960 3964 poterant,
990 3900 1064 3942 nam
1087 3878 1184 3943 otiam
1207 3900 1266 3963 ea,
1290 3881 1414 3966 quibus

217 4146 232 4208 ¹)
267 4121 359 4195 Euseb.¹
382 4161 464 4209 praep.
481 4145 520 4195 ed.
538 4145 615 4206 XIV,
641 4149 670 4206 5,
696 4146 761 4209 apud
777 4144 883 4206 Hirzsl,
908 4143 1133 4210 Untersuchungen
1149 4161 1182 4195 zu
1200 4145 1306 4197 Cicero's
1322 4147 1413 4211 philo·

182 4239 329 4304 sophischen
346 4241 486 4303 Schriften,
504 4257 528 4306 p.
548 4244 602 4290 100.

214 4334 238 4399 ²)
272 4335 304 4384 D.
321 4335 351 4384 L.
368 4337 410 4398 X,
429 4340 467 4386 16.

213 4428 233 4493 ⁸)
268 4427 303 4490 V,
320 4445 357 4480 vs.
376 4431 390 4483 7
408 4446 475 4495 seqq.

213 4524 234 4590 ⁴)
270 4523 480 4586 D.L.X‚135.

214 4619 233 4680 ³)
268 4618 306 4669 cf.
324 4617 412 4668 Hirzel
428 4619 445 4667 l.
462 4619 478 4668 1.
