3196 5160
778 288 819 349 64

180 487 294 551 melius
324 487 505 552 videremus
536 488 636 552 oculis
659 488 777 552 evulsis
791 490 820 572 ¹).
844 489 992 574 Denique
1017 490 1091 570 (396
1115 491 1214 574 seqq.)
1239 487 1410 574 quodiam

182 625 200 669 e
234 605 379 690 superius
413 605 504 670 dictis
538 606 681 692 sequitur
710 607 828 692 repetit
851 606 1059 691 philosophus
1082 612 1212 688 noster,
1236 611 1272 670 ut
1296 605 1411 670 melius

182 724 330 788 inculcet.
366 723 473 788 Pluris
493 725 646 788 momenti
670 725 710 789 ad
733 725 832 788 vitam
856 720 1050 789 cst'animus
1074 745 1169 810 quam
1185 724 1314 806 anima,
1337 743 1416 788 nam¹

132 932 135 937 ἕ
183 842 251 905 sine
279 842 384 906 animo
407 842 569 906 animuin
592 863 723 928 corpore
747 863 815 906 esse
838 864 902 906 non
924 847 1049 928 potest,
1084 847 1136 923 „at
1157 847 1267 906 manet
1289 841 1324 905 in
1346 841 1413 905 vita

184 958 236 1022 cui
268 979 359 1022 mens
394 959 581 1045 animusque
604 958 788 1022 remansit’'.
835 958 981 1022 Membra
1002 958 1095 1044 plura
1118 978 1252 1044 cumque
1276 957 1317 1020 iis
1338 977 1413 1042 pars

184 1076 309 1139 animae
333 1075 482 1139 dissecari
505 1081 647 1160 possunt,
671 1097 743 1139 cum
766 1081 874 1140 tamen
897 1076 964 1139 vita
978 1081 1116 1158 maneat,
1133 1075 1208 1161 quia
1223 1075 1349 1138 animus
1366 1079 1413 1137 est

184 1194 320 1279 integer.
366 1194 538 1259 Oculorum
570 1195 650 1259 aciei
685 1194 820 1258 afferens
844 1195 1028 1280 exemplum
1051 1194 1190 1258 illustrat
1211 1200 1309 1279 poeta
1331 1213 1414 1278 quae

146 1381 149 1388 ‚
184 1312 400 1398 praecedunt:
432 1312 515 1376 oculi
550 1313 634 1375 acies
667 1312 701 1375 in
724 1313 847 1397 pupilla
869 1313 930 1376 sita
953 1312 1050 1376 etiam
1073 1312 1100 1375 si
1124 1311 1209 1376 orbis
1232 1313 1414 1392 laceratur,

184 1450 247 1493 non
281 1428 422 1514 peribit,
455 1428 549 1492 modo
583 1451 624 1493 ne
655 1430 764 1493 orbem
798 1436 900 1493 totum
934 1451 1138 1514 corrumpas:
1170 1434 1222 1510 „at
1244 1428 1272 1492 si
1288 1428 1416 1491 tantula

184 1567 257 1631 pars
287 1546 369 1609 oculi
398 1545 505 1609 media
533 1546 589 1610 illa
617 1567 730 1631 peresa
761 1552 826 1629 est,
861 1546 976 1611 oceidit
999 1547 1162 1632 extemplo
1192 1546 1303 1610 lumen
1325 1552 1416 1609 tene·

184 1663 323 1749 bracque
354 1664 557 1746 secuntum).
603 1664 695 1727 Haec
724 1664 831 1728 omnia
863 1663 958 1748 plane
982 1664 1153 1728 concinunt
1175 1684 1247 1727 cum
1271 1663 1419 1727 doctrina

185 1780 326 1866 Epicuri.
371 1780 493 1844 Iniuria
517 1802 643 1867 quoque
673 1780 805 1845 Lachm.
834 1786 867 1844 et
889 1781 985 1844 Bern.
1009 1803 1056 1845 vs.
1080 1783 1229 1846 350-95
1252 1781 1347 1844 uncis
1370 1780 1426 1844 in·-

186 1898 367 1962 cluserunt:
394 1899 438 1980 „si
454 1919 499 1962 vs.
516 1901 578 1962 336
596 1919 681 1985 seqq.
698 1899 805 1962 versui
821 1901 883 1962 349
901 1899 1050 1963 continuo
1066 1898 1285 1980 subiciuntur,
1309 1898 1426 1962 omnia

186 2016 441 2080 commodissime
472 2016 649 2102 procedunt
662 2016 691 2099 ‚’'
716 2016 841 2102 scripsit
863 2015 1006 2080 Lachm:
1030 2016 1161 2079 mimine
1184 2021 1272 2079 recte
1295 2021 1426 2080 tamen.

186 2134 270 2198 Nam
293 2135 363 2219 ipsa
384 2133 515 2219 Epicuri
538 2133 637 2197 verba
659 2133 745 2218 apud
767 2134 808 2197 D.
832 2134 870 2198 L.
895 2133 938 2198 X.
963 2135 1003 2196 63
1028 2154 1113 2220 seqq.
1130 2154 1226 2219 quae,
1243 2154 1318 2198 cum
1334 2133 1426 2198 hanc

187 2251 227 2314 ob
251 2272 388 2333 causam,
413 2256 481 2314 tum
503 2257 539 2313 ut
555 2250 717 2335 superiore
732 2250 802 2314 loco
820 2250 904 2314 dicta
916 2251 1098 2333 illustrent,
1122 2251 1404 2336 transscripsimus

187 2367 323 2457 eundem
335 2366 491 2453 praebent
501 2367 664 2431 ordinem:
689 2371 811 2450 καὶμὴν
825 2373 872 2434 καὶ
887 2373 934 2434 ὅτι
946 2369 1009 2456 ἐ’χει
1026 2371 1045 2445 ἡ
1060 2371 1149 2455 ψυχὴ
1167 2378 1222 2446 τῆς
1237 2373 1426 2446 αἰσθήσεω-

186 2487 245 2562 τὴν
275 2485 428 2562 πλείστην
459 2489 578 2567 αἰτίαν,
615 2483 660 2551 δεῖ
690 2489 828 2571 κατέχειν
859 2483 1031 2568 (59697).
1079 2488 1126 2551 Οὐ
1149 2488 1211 2567 μὴν
1235 2485 1404 2578 είλὴφειᾶ

187 2607 324 2685 ταύτην,
349 2607 372 2669 εἰ
395 2605 436 2685 μὴ
461 2604 523 2669 ὑπὸ
546 2611 603 2669 τοῦ
627 2602 743 2669 λοιποῦ
766 2605 983 2690 ἀθροίσματος
1006 2602 1191 2687 ἐστεγάζετό
1213 2631 1284 2683 πως
1301 2624 1309 2638 ·
1328 2605 1368 2670 τὸ
1391 2601 1426 2670 ἕ

187 2721 303 2786 λοιπὸν
335 2721 492 2806 ἄθροισμα
526 2723 768 2806 παρασκευάσαν
797 2723 855 2797 τὴν
890 2724 991 2786 αἰτίαν
1024 2723 1139 2796 ταύτην
1172 2721 1340 2806 μετείληφε
1374 2751 1426 2787 κε

189 2838 264 2903 αὐτὸ
294 2844 438 2905 τοιοίιτου
470 2841 699 2923 συμπτώματος
732 2840 805 2925 παρ’
835 2842 972 2914 ἐκείνης,
1007 2839 1044 2902 οὐ
1067 2841 1171 2920 μέντοι
1194 2838 1348 2916 πάντων,
1380 2840 1426 2904 αῗι

189 2955 286 3031 ἐκείνη
309 2958 455 3030 κέκτηται.
480 2955 540 3020 Διὸ
563 2945 806 3040 ἀπαλλαγείσης
828 2964 883 3030 τῆς
906 2962 1013 3040 ψυχῆς
1035 2955 1092 3018 οὐκ
1107 2952 1171 3039 ’ἔχει
1183 2954 1241 3028 τὴν
1255 2953 1426 3030 αίσθησιι

189 3067 276 3154 (556)
306 3072 344 3135 οὐ
379 3073 441 3158 γὰρ
477 3073 553 3138 αὐτὸ
585 3075 617 3138 ἐν
648 3075 744 3158 ἑαυτῷ
779 3075 894 3146 ταύτην
917 3073 1055 3146 ἐκέκτητο
1078 3071 1136 3146 τὴν
1160 3067 1312 3152 δύναμιν,
1347 3069 1426 3138 ἀλ)

190 3188 279 3274 ἑτέρη,
304 3187 365 3266 ἅμα
389 3193 648 3276 συγγεγενημένῳ
663 3190 747 3275 αὐτῷ
768 3187 993 3274 παρεζκείιαζεν
1017 3185 1123 3270 (557),
1147 3187 1164 3252 ὃ
1188 3184 1238 3252 διὰ
1266 3196 1325 3267 τῆς
1352 3213 1426 3254 συν

190 3302 392 3382 τελεσθείσης
414 3310 483 3391 περὶ
507 3307 584 3372 αὐτὸ
607 3304 768 3389 δυνάμεως
791 3309 867 3370 κατὰ
890 3307 948 3381 τὴν
970 3308 1092 3380 κίνησιν
1115 3307 1291 3386 σῦμπτωπα
1308 3308 1422 3379 αίσθη

189 3422 276 3486 τικὸν
299 3421 393 3499 εὐθὺς
417 3423 596 3488 ἀποτελοῦν
610 3471 617 3506 ,
646 3426 743 3510 ἑαυτῷ
758 3419 907 3489 ἀπεδίδου
923 3423 998 3486 κατὰ
1014 3422 1073 3497 τὴν
1089 3423 1262 3506 ὁμούρησιν
1279 3426 1332 3486 καὶ
1352 3447 1426 3505 συμ

190 3540 324 3605 πάθειαν
337 3544 385 3605 καὶ
398 3543 513 3626 ἐκείνη,
531 3542 669 3627 καθάπερ
683 3540 772 3606 εἶπον
785 3536 991 3623 (556-570).
1005 3540 1064 3603 Διὸ
1078 3535 1115 3615 δὴ
1129 3542 1177 3603 καὶ
1191 3539 1426 3627 ἐνυπάρχουσι

191 3658 210 3732 ἡ
233 3657 322 3741 ψυχὴ
346 3655 517 3737 οὐδέποτε,
540 3658 645 3724 ἄλλου
668 3658 755 3733 τινὸς
777 3661 891 3744 μέρους
913 3656 1185 3743 ἀπηλλαγμένου,
1213 3657 1426 3737 ἀναισθητεῖ·

228 3963 244 4029 ¹)
279 3963 342 4014 Erat
362 3962 423 4013 haec
446 3960 569 4012 Heracliti
586 3961 711 4011 doctrina:
732 3960 822 4011 Sextus
838 3962 894 4011 adv.
912 3960 987 4010 math.
1006 3960 1075 4010 VII:
1103 3963 1164 4009 130:
1184 3961 1211 4009 ἐν
1228 3959 1254 4010 δὲ
1272 3962 1426 4029 ἐγρηγορόιι

193 4060 275 4110 πάλιν
294 4058 333 4107 διὰ
352 4065 404 4110 τῶν
421 4058 576 4117 αἰσθητίτῶν
594 4060 680 4121 πόρων
696 4057 778 4121 ὥσπερ
792 4055 833 4106 dui
844 4075 922 4107 τινων
933 4054 1044 4120 θυρίδων
1056 4054 1190 4119 προκύψας
1205 4054 1226 4114 (ὁ
1239 4055 1267 4105 ἐν
1280 4056 1346 4120 ἡμῖν
1358 4056 1426 4110 vorin

193 4156 235 4204 καὶ
253 4157 289 4219 τῷ
305 4153 451 4218 περιέχοντι
468 4151 608 4216 συμβαλὼν
626 4153 733 4218 λογικὴν
750 4150 864 4203 ἐνδύεται
881 4151 997 4214 δύναμιν.
1032 4150 1098 4199 Eum
1110 4149 1193 4200 Strato
1204 4155 1229 4200 et
1241 4150 1426 4203 Aenesidemrt

193 4248 272 4298 secuti
288 4263 340 4298 esse
357 4249 487 4298 videntur:
508 4247 576 4296 Sext.
593 4246 610 4294 l.
628 4245 643 4295 l.
662 4249 709 4296 350
727 4262 784 4296 cum
801 4245 886 4296 Cicero
903 4246 976 4295 Tusc.
995 4245 1026 4306 Ι,
1044 4248 1074 4295 46
1093 4260 1191 4309 quoque
1207 4244 1426 4309 hancopiniouet

193 4342 269 4392 fovet.
303 4341 434 4392 Lucretius
457 4340 499 4391 hic
522 4356 574 4391 non
597 4341 696 4390 nomine
723 4340 816 4390 indicat
843 4338 1017 4389 Heraclitum:
1044 4343 1109 4389 certe
1131 4354 1189 4388 eum
1205 4354 1256 4388 nou
1273 4339 1357 4404 legit;
1383 4335 1426 4386 ih

194 4433 276 4498 imago
292 4434 389 4498 saepius
400 4434 431 4484 ab
443 4434 570 4484 Heraclito
580 4439 730 4498 usurpatur:
749 4435 792 4484 sed
802 4439 899 4493 noster,
916 4437 946 4481 ut
956 4432 1032 4496 vulgo
1044 4449 1101 4482 eum
1113 4431 1265 4483 adversarios
1277 4443 1426 4500 oppugna·-

195 4527 248 4580 ioeo
265 4529 369 4595 quodam
386 4528 517 4579 ridiculam
532 4529 613 4580 reddit
629 4528 778 4594 imaginem,
796 4531 826 4579 de
843 4527 937 4580 foribus
954 4532 980 4579 et
991 4531 1070 4590 postis
1086 4544 1143 4577 cum
1159 4527 1284 4592 loquatur.

227 4624 250 4689 2)
284 4627 348 4686 413,
368 4628 406 4674 14.
