3196 5160
782 295 842 356 143

243 496 369 562 Deinde
392 496 594 560 metallorum
618 517 711 559 usum
733 496 935 559 invenerunt.
982 494 1079 559 Silvis
1102 495 1274 560 combustis
1293 497 1429 561 metalla

178 615 373 702 Jiquefacta
395 615 428 677 in
451 622 554 679 terrae
579 635 748 678 cavernam
772 634 804 677 se
828 613 1049 697 collegerunt,
1073 613 1157 677 unde
1173 613 1318 678 homines
1334 614 1427 679 facile

180 732 332 796 :metalla
353 732 545 818 liquefacere
569 730 758 794 didicerunt.
804 730 950 793 Primum
973 731 1044 793 auri
1067 730 1244 795 maximum
1268 736 1428 816 1111111-

189 848 304 930 tium,
338 869 414 910 mox
444 868 517 910 cum
550 846 696 910 viderent
719 867 773 909 aes
796 845 1350 932 11111111111111111111111111,
1373 868 1428 912 aes

186 966 304 1051 :magis
326 966 553 1051 quaerebatur:
578 986 662 1028 nune
686 986 795 1027 rursus
818 985 931 1027 aurum
953 964 1055 1049 pluris
1077 965 1308 1042 aestimatur¹).
1353 965 1428 1029 Fer-

192 1105 272 1147 :rum
302 1083 498 1167 usurpabant
531 1082 572 1145 ad
602 1104 690 1146 arma
713 1082 839 1167 telaque
863 1080 1028 1163 facienda,
1061 1081 1176 1145 deiude
1198 1081 1239 1146 ad
1262 1103 1354 1166 agros
1377 1104 1427 1147 co-

196 1200 323 1264 lendos.
368 1200 434 1263 Aes
465 1200 553 1284 prius
587 1221 682 1285 quam
712 1199 831 1262 ferrum
866 1207 934 1263 1111
957 1205 1079 1262 notum.
1125 1200 1297 1264 Paullatim
1321 1201 1428 1266 omnia

197 1316 279 1380 belli
311 1317 522 1380 instrumenta
556 1316 758 1379 invenerunt.
804 1315 901 1378 Multi
934 1315 1031 1378 etiam
1054 1320 1181 1397 tauros,
1217 1315 1425 1401 elephantos,

204 1454 296 1515 sues,
320 1433 428 1497 leones
451 1434 592 1519 aliasque
616 1434 719 1515 feras,
744 1455 936 1519 quamquam
958 1433 1057 1516 vulgo
1073 1432 1207 1515 frustra,
1230 1434 1427 1518 usurpabant

204 1551 242 1614 ad
277 1550 361 1615 bella
394 1551 543 1635 gerenda.
590 1551 715 1614 Deinde
738 1556 843 1614 vestes
866 1555 1040 1613 texuerunt
1063 1556 1231 1636 postquam
1253 1551 1329 1614 ferri
1351 1572 1427 1614 usus

204 1668 362 1749 innotuit,
396 1668 533 1752 primum
568 1669 648 1750 viri,
683 1675 794 1753 postea
826 1668 982 1750 feminae,
1034 1666 1127 1749 ,nam
1155 1667 1250 1751 longe
1285 1674 1427 1753 praestat

204 1787 236 1848 in
270 1791 338 1849 arte
370 1792 401 1848 et
425 1786 584 1849 sollertius
608 1793 656 1849 est
678 1786 778 1849 multo
803 1807 904 1870 genus
927 1807 1020 1849 omne
1043 1785 1167 1849 virile”.
1211 1786 1336 1850 Natura
1358 1786 1427 1873 ipsa

205 1904 365 1989 specimen
388 1904 476 1967 dedit
499 1905 567 1988 agri
592 1905 737 1986 colendi,
761 1903 845 1989 quod
868 1902 1012 1967 homines
1035 1903 1136 1967 secuti
1160 1908 1250 1985 sunt,
1275 1902 1349 1967 inde
1371 1925 1426 1968 va-

204 2022 267 2086 rios
302 2022 504 2107 diversosque
537 2022 659 2084 fructus
694 2022 754 2085 sibi
788 2028 982 2107 paraverunt
998 2022 1034 2103 2).
1082 2020 1219 2084 Cautum
1247 2020 1426 2085 didicerunt

204 2139 242 2202 ab
277 2139 389 2202 avibus
419 2146 451 2201 et
480 2138 637 2223 zephyris.
685 2139 810 2202 Sensim
833 2137 1064 2223 paullatimque
1087 2137 1187 2200 vitam
1214 2144 1427 2221 ornaverunt,

204 2257 407 2338 saltationes,
444 2257 569 2340 pulcras
603 2262 709 2320 vestes
743 2256 869 2340 aliaque
899 2255 1109 2318 invenientes.
1156 2255 1210 2319 Sol
1233 2260 1329 2341 atque
1352 2256 1429 2320 luna

203 2379 346 2458 tempora
368 2374 444 2437 anni
467 2374 650 2437 docuerunt.
697 2374 780 2436 Tum
802 2374 920 2455 urbeS,
957 2373 1128 2436 divisiones
1151 2378 1277 2456 terrae,
1308 2395 1427 2456 naves,

202 2491 348 2574 litterae,
384 2513 436 2555 ars
468 2493 594 2576 poetica
617 2497 725 2555 secuta
748 2496 839 2572 sunt,
874 2511 955 2577 quae
982 2512 1076 2572 ,usus
1100 2496 1132 2554 et
1154 2490 1310 2575 impigrae
1334 2492 1429 2556 simul

203 2607 402 2691 experientia
434 2608 550 2670 mentis
580 2608 734 2692 paulatim
758 2607 865 2671 docuit
888 2607 1096 2693 pedetemtim
1118 2608 1373 2693 progredientis'’
1391 2607 1426 2687 3).

202 2725 324 2788 Eadem
344 2725 519 2810 Epicurum
536 2726 679 2789 docuisse
692 2726 864 2789 verisimile
881 2726 916 2789 fit
932 2723 1064 2790 Diodori
1082 2725 1182 2790 Siculi
1197 2727 1321 2810 verbis,
1345 2749 1426 2814 quae

203 2848 395 2928 sequuntur:
421 2842 476 2908 Ἐκ
499 2841 530 2908 δὲ
546 2848 660 2909 τούτου
676 2844 739 2908 κατ’
757 2843 874 2928 ὀλίγον
890 2845 952 2909 ὑπὸ
968 2853 1023 2922 τῆς
1038 2847 1152 2927 πείρας
1164 2841 1426 2928 διδασκομένους,

203 2960 246 3034 είς
269 2987 300 3024 τε
323 2958 361 3024 ra*
384 2959 523 3035 σπήλαια
547 2963 748 3045 καταφεύγειν
772 2963 804 3025 ἓν
827 2966 870 3046 rqi
894 2965 1036 3044 χειμῶνι,
1060 2964 1108 3025 καὶ
1130 2965 1194 3025 τῶν
1209 2966 1336 3046 καρπῶν
1351 2965 1427 3039 τοὺς

203 3073 415 3159 φυλάττεσθαι
439 3072 632 3155 δυναμένους
655 3077 885 3141 ἀποτίθεσθαι.
905 3080 1109 3162 γνωσθέντος
1133 3073 1164 3142 di
1187 3084 1244 3141 τοῦ
1259 3079 1361 3161 πυρὸς
1378 3084 1426 3144 καὶ

202 3199 267 3258 τῶν
289 3192 401 3257 ἄλλων
424 3199 486 3256 τῶν
511 3197 693 3278 χρησίμων,
727 3191 806 3258 urard
826 3194 1007 3278 μικρὸνκαῖ
1031 3193 1087 3270 τὰς
1110 3197 1226 3281 τέχνας
1249 3196 1427 3280 εὑρεθῆναι,

204 3314 252 3374 καὶ
284 3308 388 3373 τίίλλα
419 3308 456 3373 rei
487 3306 641 3390 δυνάμενα
672 3311 729 3374 τὸν
753 3311 860 3375 κοινὸν
882 3308 961 3395 βίον
985 3309 1143 3396 ὠφελῆσαι
1168 3357 1174 3371 .
1199 3313 1426 3398 καθόλουγὰρ

203 3427 332 3492 πάντων
350 3429 407 3502 τὴν
425 3431 534 3513 χρείαν
551 3427 648 3502 αὐτὴν
664 3425 857 3494 διδάσκαλον
873 3430 1020 3512 γενέσθαι
1037 3437 1104 3502 τοῖς
1121 3429 1327 3513 ἀνθρώποις,
1351 3430 1428 3513 ὑφη-

202 3547 360 3628 γουμένην
394 3546 514 3618 οἰκείως
544 3545 602 3618 τὴν
635 3545 765 3609 ἑκάστου
798 3545 936 3624 μάθησιν
960 3546 1064 3629 εὐφυεῖ
1086 3543 1156 3630 ζώῳ
1179 3548 1228 3608 καὶ
1253 3547 1428 3631 συνεργοὺς

204 3660 312 3746 ἔχοντι
330 3661 417 3746 ’πρὸς
441 3661 564 3726 ἅπαντα
588 3669 696 3747 χεῖρας
709 3709 718 3736 ,
746 3665 794 3725 καὶ
818 3661 924 3746 λόγον
948 3666 995 3724 καὶ
1020 3662 1125 3746 ψυχῆς
1148 3660 1330 3746 ἀγχίνοιαν.
1374 3660 1427 3746 Ip-

203 3775 269 3838 sius
303 3775 434 3860 Epicuri
467 3776 566 3840 verba
600 3783 787 3862 supersunt,
823 3797 905 3863 quae
936 3776 1022 3840 idem
1044 3781 1211 3840 testantur.
1257 3777 1427 3841 Lucretius
1473 3860 1476 3866 .

203 3913 249 3955 vs.
283 3895 365 3956 1020
389 3893 434 3956 ait
456 3893 575 3978 primos
598 3892 743 3957 homines
765 3893 894 3957 foedera
915 3892 1027 3957 fecisse
1050 3892 1133 3956 inter
1156 3914 1189 3957 se
1212 3914 1252 3957 111
1276 3913 1309 3957 se
1334 3893 1427 3958 vicis·

203 4010 264 4073 sim
283 4009 464 4092 laederent,
487 4032 528 4074 ne
545 4032 660 4096 pueros
677 4017 710 4074 11
726 4013 876 4076 mulieres
890 4011 1064 4093 violarent,
1082 4032 1215 4095 aequum
1232 4032 1300 4075 esse
1316 4033 1427 4076 omnes

202 4127 434 4191 imbecillorum
468 4129 629 4192 misereri:
663 4128 792 4193 fuerunt
815 4136 923 4194 tamen
945 4129 1000 4215 qui
1021 4127 1101 4193 haec
1123 4127 1252 4192 foedera
1273 4150 1338 4193 non
1361 4150 1426 4194 ser-

203 4250 337 4327 varent,
368 4245 482 4330 quibus
514 4267 589 4330 ergo
624 4247 673 4310 ius
695 4268 759 4310 non
782 4253 875 4311 esset.
921 4245 1080 4331 Epicurus
1104 4250 1213 4309 autem
1236 4246 1282 4310 ait
1304 4246 1338 4310 in
1362 4247 1427 4313 Ra-

237 4447 256 4507 1)
293 4449 429 4496 ran-so.

236 4541 256 4604 ²)
292 4542 459 4593 1111-1171.

237 4634 257 4700 ³)
295 4636 461 4688 rare-1457.
