3196 5160
763 306 823 368 179

122 505 125 510 ’
185 505 253 569 0011
281 511 389 570 010010
421 505 592 570 decessisse
626 506 750 570 dieitur.
796 508 971 595 Plerosque
1003 514 1128 594 tamen,
1159 511 1185 574 si
1208 516 1294 576 10010
1316 511 1404 576 vide·

184 645 277 707 mus,
310 623 370 688 hoc
393 624 524 706 fefellit,
560 623 643 710 quod
674 624 861 688 Lucretium
883 647 956 688 oum
987 625 1180 712 Empedoole
1203 633 1402 713 comparant,

185 745 357 825 antequam
387 745 566 804 accuratam
598 740 798 803 collationem
822 741 1403 829 110010110οἱ00101010000111010011

184 856 373 941 scriptorum
396 857 538 941 reliquiis
560 857 779 944 instituerint,
808 878 869 943 quo
892 858 1011 921 factum
1034 864 1083 922 est
1105 865 1141 922 ut
1163 860 1402 944 congruentiam

184 973 344 1059 quandam
367 974 648 1038 animadverterint
671 975 754 1037 10101
778 974 855 1037 1000
876 974 947 1038 illos
970 981 1100 1060 poetas,
1124 997 1188 1039 non
1210 983 1317 1040 tamen
1333 998 1404 1062 001-

185 1091 351 1176 spexerint
387 1097 513 1177 poetam
553 1091 633 1155 haec
671 1091 886 1177 Empedoclea
921 1091 1005 1158 dicta
1039 1113 1082 1156 ex
1115 1093 1246 1179 Epicuri
1280 1095 1405 1180 scriptis

185 1205 313 1270 haurire
343 1207 505 1293 potuisse,
540 1228 635 1293 quem
665 1207 871 1291 Agrigentini
900 1208 1017 1293 0011010
1039 1208 1154 1292 legisse
1178 1231 1286 1274 omnes
1308 1209 1402 1274 facile

185 1324 370 1389 concedunt.
426 1324 527 1388 Nobis
565 1325 664 1408 igitur
697 1325 957 1408 investigandum
992 1331 1054 1408 est,
1091 1347 1169 1389 num
1205 1327 1239 1390 in
1262 1327 1404 1392 Lucretii

185 1442 325 1508 carmine
358 1447 445 1505 certa
467 1441 583 1505 indicia
604 1442 828 1524 inveniantur,
852 1462 869 1505 e
893 1442 1008 1528 quibus
1031 1464 1102 1507 cum
1125 1443 1287 1508 evidentia
1308 1467 1404 1532 0000-

185 1565 254 1624 1001
288 1581 362 1623 0001
392 1558 625 1644 Empedocleae
656 1557 877 1645 philosophiae
911 1559 983 1644 plus
1006 1581 1120 1645 operae
1144 1560 1285 1645 dedisse,
1309 1583 1404 1648 00010

185 1683 342 1763 00010000
360 1697 407 1741 ex
429 1676 560 1762 Epicuri
583 1676 708 1760 seriptis
732 1697 803 1740 0010
826 1697 951 1740 0010010
974 1678 1123 1762 00100111.

228 1793 268 1856 10
300 1792 381 1856 libro
411 1793 447 1872 I,
483 1813 528 1855 vs.
565 1792 712 1854 716-33
743 1791 913 1855 Lucretius
943 1793 1034 1856 elatis
1056 1794 1237 1880 pulcrisque
1260 1795 1404 1860 versibus

185 1910 296 1985 laudes
318 1911 403 1975 00011
426 1909 490 1974 divi
513 1908 737 1994 Empedoclis,
768 1930 846 1995 quos
868 1931 979 1974 101000
1001 1911 1193 1974 11111Ιο01100
1216 1911 1347 1976 adhibet
1368 1919 1404 1976 ut

186 2027 319 2113 probet,
346 2027 526 2109 ,neminem
548 2026 632 2089 inter
653 2026 775 2110 0110100
798 2026 977 2090 divinarum
1000 2026 1275 2114 humanorumque
1298 2050 1404 2093 rerum

185 2145 354 2228 magistros
386 2144 488 2227 magis
516 2143 765 2227 Agrigentinum
794 2151 901 2207 vatem
924 2144 1115 2208 admiratum
1138 2151 1234 2232 atque
1256 2147 1289 2209 in
1312 2167 1404 2231 argu·

186 2269 294 2328 mento
329 2263 472 2348 quamvis
502 2262 647 2326 dissimili
676 2268 820 2325 secutum
837 2272 935 2344 esse,
958 2284 1053 2348 quam
1076 2263 1113 2326 T.
1137 2263 1323 2328 Lucretium
1346 2265 1404 2341 oa-

186 2382 278 2445 rum”
297 2383 332 2464 Ι).
359 2381 531 2462 Attamen,
554 2379 648 2465 quid,
664 2394 802 2465 quaeso,
826 2380 989 2444 continent
1004 2380 1038 2443 hi
1053 2402 1174 2465 versus,
1190 2382 1275 2447 unde
1290 2383 1404 2447 merito

187 2498 375 2564 concludere
397 2499 497 2584 possis
512 2504 648 2583 ,0001001
670 2496 896 2582 Empedoclem
918 2519 982 2561 non
1001 2497 1085 2562 fama
1101 2499 1167 2563 sola
1181 2520 1293 2563 verum
1308 2500 1405 2564 etiam

187 2617 312 2703 scriptis
334 2618 453 2681 nosse?
498 2616 712 2680 Continentne
735 2615 837 2679 ullum
858 2615 997 2698 factum,
1021 2615 1106 2701 quod
1127 2617 1222 2703 lippis
1246 2623 1278 2681 et
1300 2623 1405 2681 tonso·

186 2735 275 2798 ribus
318 2756 382 2798 non
424 2740 535 2798 notum
571 2733 689 2797 fucrit?
742 2733 816 2818 lpse
850 2732 1093 2818 Agrigentinus,
1117 2734 1253 2798 cecinit:
1288 2734 1404 2821 χαίρετ’

188 2855 249 2939 ἐγὼ
281 2851 306 2919 δ’
341 2851 435 2936 ὔμμιν
469 2854 542 2931 θεὸς
573 2849 754 2936 ἄμβροτος,
792 2852 891 2916 οὐκέτι
914 2852 1033 2926 θνητός
1044 2849 1086 2933 ²),
1123 2850 1179 2914 sed
1200 2849 1261 2915 hoo
1284 2851 1404 2915 dictum

187 2990 292 3032 nonne
313 2975 382 3033 0101
403 2968 699 3054 00110100101013).
746 2965 930 3029 Lucretiani
952 2987 1063 3029 versus
1085 2966 1314 3052 Empedoclem
1336 2973 1405 3032 tan·
1470 2994 1473 3001 ¹

188 3091 254 3149 tam
284 3085 481 3171 depingunt,
516 3084 643 3169 qualem
665 3082 749 3146 fama
771 3087 803 3145 et
827 3081 993 3146 admiratio
1016 3083 1106 3168 quasi
1129 3105 1187 3168 per
1208 3105 1321 3148 manus
1343 3089 1407 3148 tra·

190 3201 255 3266 dita
289 3223 361 3266 eum
394 3200 576 3265 laudabant.
621 3199 794 3262 Praeterea
826 3203 899 3284 post
932 3204 1053 3263 tantam
1086 3199 1213 3264 laudem
1240 3205 1407 3286 exspectas

188 3327 316 3406 poetam
350 3341 533 3405 germanam
566 3316 769 3403 Empedoclis
800 3316 974 3380 doctrinam
1004 3317 1179 3381 relaturum
1202 3338 1288 3400 esse,
1323 3316 1407 3403 quod

188 3443 297 3502 100100
330 3439 479 3502 omittens
513 3458 583 3501 eam
615 3437 661 3500 ita
695 3456 767 3499 oum
800 3434 937 3498 aliorum
973 3433 1123 3498 doctrinis
1153 3434 1338 3517 coniungit,
1371 3438 1407 3496 01
1497 3420 1500 3426 ’

190 3555 330 3640 singulas
365 3555 543 3619 discernere
576 3575 640 3617 000
670 3552 781 3639 possis.
829 3551 913 3636 Quin
948 3551 1044 3614 etiarn
1079 3571 1097 3614 0
1131 3571 1193 3614 100.
1230 3536 1290 3614 753
1318 3570 1404 3635 seqq.

189 3678 279 3758 00101
308 3694 381 3737 0010
418 3693 458 3736 00
491 3671 668 3757 inspexisse
703 3669 831 3755 quidem
869 3669 987 3750 libros,
1011 3667 1066 3752 qui
1082 3667 1276 3750 doctrinam,
1310 3687 1406 3753 quam

188 3789 326 3872 refellit,
357 3789 529 3853 continent.
574 3787 628 3851 An
660 3793 754 3873 putas
787 3786 854 3849 fore
884 3792 920 3849 nt
954 3785 1152 3870 scripsisset,
1180 3783 1259 3867 ,huc
1283 3784 1406 3848 accedit

189 3906 274 3990 utei,
307 3907 456 3993 quoniam
490 3906 662 3991 primordia
694 3925 800 3989 rerum
834 3903 943 3967 mollia
982 3902 1199 3984 constituunt,
1238 3921 1319 3986 0000
1348 3921 1406 3964 000

189 4025 299 4089 nativa
334 4024 479 4088 videmus
513 4043 581 4088 esse
610 4029 642 4088 01
675 4022 802 4086 mortali
835 4042 908 4085 cum
941 4039 1093 4107 corpore,
1128 4018 1269 4083 funditus
1305 4038 1407 4104 00000

191 4138 306 4204 debeat
339 4140 379 4204 ad
408 4141 508 4230 nilum
537 4140 601 4204 iam
631 4161 738 4204 rerum
769 4158 891 4202 0010100
920 4137 1039 4202 reverti
1070 4136 1109 4200 de
1138 4135 1267 4226 niloque
1296 4139 1409 4200 renata

190 4257 353 4342 vigescere
376 4259 466 4343 copia
487 4256 637 4339 rerum”,
661 4257 687 4320 si
710 4256 794 4341 apud
817 4254 1045 4340 Empedoclem
1067 4253 1218 4336 legisset:

223 4461 242 4526 1)
278 4461 376 4525 ragm.
393 4459 454 4524 pso.
472 4460 500 4519 1,
517 4477 541 4524 p.
558 4460 629 4512 mv.
717 4429 719 4432 ’

222 4555 243 4618 ²)
276 4555 354 4606 01.
371 4553 456 4614 vnr,
476 4557 516 4606 oa

223 4649 244 4715 ³)
276 4649 370 4711 Zeller,
389 4649 419 4710 Ι,
437 4650 499 4709 678,
516 4651 567 4699 not.
587 4651 608 4696 l.
