3196 5160
771 312 832 373 159

185 510 245 576 οὐκ
267 511 364 577 ἐθέλει
468 510 584 598 βύσσῳ
609 511 641 579 δὲ
666 511 768 599 ξανθῇ
791 516 903 578 κόκκου
927 518 1145 600 καταμίσγεται
1160 513 1293 598 (ὄνθος).
1309 515 1409 598 Mfill,

184 623 223 688 fr.
248 627 341 713 Emp.
365 631 445 711 340,
469 631 532 712 41,
556 632 607 693 42.
653 629 781 694 Laudes
803 629 901 714 igitur
923 629 1018 694 huius
1041 630 1202 695 doctrinae
1225 632 1409 718 qaaliscum·

184 763 249 828 que
271 744 438 831 Epicureis
460 747 558 810 tribui
580 769 643 811 non
665 753 798 832 possunt
818 748 846 829 ¹).

230 860 322 926 Haec
356 865 504 927 carminis
532 887 622 950 pars,
658 886 739 951 quae
763 864 802 928 de
825 869 975 947 magnete
998 864 1082 948 agit,
1106 886 1178 928 cum
1200 886 1258 950 per
1280 885 1313 929 se
1337 886 1409 930 con·

184 981 251 1041 stet
272 1000 375 1065 neque
399 1002 471 1044 cum
493 982 759 1066 praecedentibus
782 982 833 1046 vel
858 982 1063 1067 sequentibus
1079 983 1223 1046 versibus
1239 983 1409 1048 coniuncta

185 1093 249 1178 sit,
292 1118 373 1181 quae
407 1119 491 1161 nunc
525 1106 701 1186 sequuntur
733 1121 775 1163 ex
807 1105 915 1163 mente
949 1105 1062 1184 poetae
1094 1101 1259 1185 excepisse
1292 1101 1411 1165 debent

184 1207 292 1275 locum
333 1213 372 1277 de
405 1215 552 1278 Avernis.
612 1217 662 1280 Ibi
697 1217 782 1280 enim
816 1216 986 1280 Lucretius
1020 1216 1128 1279 docuit
1161 1237 1230 1281 esse
1257 1217 1410 1302 quosdam

184 1330 364 1395 mortiferos
385 1353 518 1417 vapores
541 1354 559 1396 e
582 1339 667 1398 terra
687 1335 739 1398 vel
761 1333 930 1419 paludibus
953 1340 1137 1423 surgentes,
1172 1334 1227 1419 qui
1252 1336 1411 1419 ,spatium

186 1448 267 1512 caeli
301 1449 437 1534 quadam
469 1450 507 1514 de
530 1457 621 1536 parte
643 1450 845 1534 venenetn)t”
868 1456 901 1514 et
923 1451 1073 1514 animalia
1094 1457 1219 1515 necent.
1265 1451 1410 1518 Similem

186 1586 315 1632 causam
337 1570 456 1655 profert
477 1571 659 1634 morborum
682 1570 839 1656 imprimis
861 1569 1063 1654 pestilentiae
1087 1571 1145 1651 (vs.
1173 1571 1408 1649 1090-1137).

179 1680 290 1750 Multa
323 1694 396 1750 sunt
428 1687 600 1772 primordia
633 1687 724 1750 nobis
746 1687 946 1771 perniciosa,
981 1707 1062 1772 quae
1086 1693 1280 1771 congregata
1302 1694 1335 1751 et
1357 1710 1410 1752 cu-

173 1805 308 1869 mulata
334 1811 407 1885 ,aut
430 1806 628 1868 extrinsecus
651 1811 687 1868 ut
709 1805 810 1869 nubes
832 1805 1032 1891 nebulaeque
1055 1826 1191 1890 superne
1214 1825 1271 1890 per
1286 1807 1410 1870 caelum

166 1922 341 2003 veniunt,
372 1928 427 1985 aut
456 1923 525 2006 ipsa
548 1943 643 2007 saepe
667 1923 816 2003 coorta(e)
840 1921 879 1984 de
901 1927 987 1985 terra
1009 1927 1161 2005 surgunt,
1184 1921 1239 1984 ubi
1263 1927 1410 2006 putorem

166 2039 296 2104 umida
329 2045 452 2103 nactast
486 2039 720 2125 intempestivis
753 2039 933 2125 pluviisque
967 2045 999 2101 et
1022 2038 1140 2102 solibus
1162 2039 1256 2102 icta’'.
1301 2039 1409 2104 Etiam

166 2175 235 2223 ser
274 2163 308 2220 et
342 2179 468 2242 aquae,
502 2178 573 2220 cum
595 2157 708 2220 incolis
731 2157 793 2220 sint
816 2157 987 2238 salutaria,
1020 2155 1197 2241 peregrinis
1220 2177 1315 2241 saepe
1338 2162 1411 2221 sunt

166 2274 383 2357 perniciosa:
410 2295 533 2355 ,nonne
557 2274 645 2338 vides
669 2274 766 2337 etiam
789 2273 869 2336 caeli
884 2273 1026 2336 novitate
1043 2279 1075 2336 et
1091 2295 1243 2358 aquarum
1259 2273 1410 2358 temptari

166 2391 298 2474 procul
332 2413 350 2454 a
384 2392 488 2477 patria
511 2391 565 2477 qui
588 2411 723 2475 cumque
747 2389 902 2475 domoque
925 2390 1099 2454 adveniunt
1121 2390 1193 2453 ideo
1216 2391 1291 2476 quia
1313 2391 1408 2474 longe

166 2507 396 2592 discrepitant
433 2509 532 2572 res?'’
570 2509 626 2590 (vs.
660 2509 741 2571 1103
774 2508 881 2592 seqq).
926 2507 965 2570 In
1000 2506 1060 2570 hoc
1083 2506 1303 2591 phaenomeno
1328 2507 1408 2571 latet

166 2646 282 2691 :ausa
312 2625 524 2709 pestilentiae.
569 2625 600 2688 N
603 2647 654 2688 am
676 2624 808 2709 proinde
832 2630 926 2710 atque
941 2623 1091 2687 homines
1113 2624 1148 2686 in
1170 2624 1266 2686 aliam
1289 2629 1406 2687 terram

166 2744 325 2825 migrare
359 2748 512 2826 possunt,
546 2763 601 2805 aer
634 2743 686 2805 vel
720 2742 843 2808 caelum
876 2741 966 2805 nobis
995 2740 1207 2826 perniciosum
1244 2745 1408 2804 eremota

166 2859 318 2943 regione
352 2859 392 2923 ad
426 2880 539 2922 nosse
563 2859 704 2923 conferre
727 2866 833 2945 potest
858 2865 890 2922 et
913 2880 1019 2923 aerem
1041 2864 1184 2922 nostrum
1206 2880 1407 2943 corrumpere

166 2983 241 3043 {ut
271 2976 306 3039 in
329 2998 426 3062 aquas
449 2982 482 3040 et
503 2977 611 3061 fruges
634 2977 764 3042 cadere:
800 2977 908 3062 itaque
930 2981 1061 3061 possunt
1084 2975 1265 3039 morborum
1287 2975 1408 3039 semina

166 3094 214 3158 in
243 3113 377 3177 corpora
399 3098 507 3156 nostra
528 3093 657 3157 intrare.
682 3131 722 3139 -
746 3093 840 3156 Hanc
862 3098 986 3178 partem
1009 3091 1145 3177 denique
1160 3091 1298 3154 illustrat
1314 3097 1345 3155 et
1361 3097 1408 3155 to·

166 3230 255 3274 :um
265 3230 344 3293 opus
353 3210 512 3273 concludit
523 3217 618 3294 poeta
626 3211 737 3295 pulcra
746 3216 778 3274 et
787 3211 871 3274 elata
879 3208 1088 3293 descriptione
1096 3208 1308 3293 pestilentiae,
1321 3228 1403 3294 quae

166 3325 345 3414 quondam
382 3327 516 3408 ,finibus
538 3327 572 3389 in
595 3328 745 3412 Cecropis
767 3327 908 3390 funestos
930 3325 1068 3389 reddidit
1090 3345 1183 3409 agros
1205 3325 1407 3411 vastavitque

166 3444 273 3525 vias,
308 3443 456 3507 exhausit
490 3444 613 3508 civibus
645 3445 789 3508 urbem”.
834 3443 926 3507 Haec
955 3441 1124 3526 descriptio
1148 3462 1221 3505 cum
1243 3443 1276 3503 in
1297 3442 1407 3505 multis

166 3567 341 3644 [congruat
357 3582 428 3624 oum
445 3560 640 3645 Thucydidis
651 3561 831 3635 narratione
847 3560 1059 3642 11,47--54,
1075 3579 1139 3621 non
1154 3558 1271 3620 mirum
1283 3563 1330 3621 est
1341 3558 1407 3643 ple·

166 3696 301 3764 rosque
325 3700 452 3742 censere
475 3681 661 3743 Lucretium
684 3679 766 3742 hanc
789 3684 913 3764 partem
936 3676 1071 3741 eThuc.
1088 3676 1213 3761 scriptis
1228 3675 1406 3758 addidisse,

166 3801 223 3859 {rt
257 3801 360 3859 totum
392 3817 470 3880 opus
500 3796 590 3881 quasi
613 3801 787 3860 coronaret.
833 3793 949 3858 Omnia
971 3798 1122 3878 reputans
1145 3797 1254 3856 tamen
1276 3792 1407 3856 addubi-

166 3918 256 3977 tare
280 3914 391 3997 ausim,
414 3936 491 3977 num
513 3914 582 3998 ipse
605 3919 701 3998 poeta
723 3911 919 3997 Thucydidis
943 3932 1022 3996 opus
1044 3911 1232 3995 inspexerit.
1276 3911 1316 3974 In
1338 3915 1406 3974 toto

169 4031 328 4094 carmine
351 4036 472 4093 tantam
494 4035 618 4114 partem
640 4029 820 4092 invenimus
843 4028 981 4110 nullam,
1005 4049 1100 4113 quam
1122 4007 1186 4090 noh
1209 4048 1251 4090 ex
1266 4026 1406 4112 Epicuro

174 4147 359 4234 sumpserit
392 4154 495 4231 poeta.
541 4146 627 4230 Ergo
660 4146 720 4209 nisi
752 4146 851 4209 firmis
877 4145 1073 4229 argumentis
1097 4143 1272 4226 vincimur,
1296 4163 1406 4208 conoe·

182 4262 264 4330 ‹lere
298 4286 362 4329 non
394 4286 560 4351 possumus
592 4285 665 4328 eum
698 4263 750 4328 hic
782 4286 801 4328 a
830 4263 954 4348 vulgari
989 4284 1045 4326 sua
1077 4262 1199 4325 ratione
1233 4261 1404 4326 aberrasse.

189 4499 386 4516 &nnn-a·—

222 4642 242 4709 ¹)
277 4644 313 4694 Ut
330 4643 425 4708 Langio
440 4644 534 4707 placuit
550 4645 576 4692 in
593 4643 680 4692 Gesch.
698 4643 740 4691 des
757 4640 880 4691 Material.
899 4640 929 4699 1,
945 4654 1001 4702 pag.
1022 4642 1075 4687 120.
1145 4657 1146 4661 ¹
