3196 5160
783 266 825 328 29

188 466 309 550 utitur,
332 467 448 554 quibus
471 466 623 531 adversus
645 467 848 532 Heraclitum
873 474 905 532 et
928 469 1007 533 alios
1030 492 1106 534 usus
1130 476 1196 535 est:
1222 469 1418 535 demonstrat

189 585 274 649 enim
307 607 417 650 eorum
452 586 649 668 doctrinam,
685 607 757 650 cum
788 594 843 650 aut
867 594 989 652 atomos
1013 594 1045 652 et
1068 610 1204 653 vacuum
1228 610 1298 654 esse
1321 611 1418 673 nega·

188 709 281 785 rent,
305 709 402 768 etex
426 725 536 768 corum
559 704 686 789 placitis
709 710 896 789 sequeretur
918 705 999 769 nihil
1023 727 1040 769 e
1063 705 1164 770 nihilo
1188 707 1289 772 creari
1305 713 1360 770 aut
1377 707 1417 770 ad

188 818 269 882 nihil
291 820 394 905 redigi
416 843 508 907 posse
535 843 573 885 ea
595 843 675 907 quae
691 822 775 903 sint,
799 827 855 885 aut
870 829 1049 887 atomorum
1061 829 1208 888 naturam
1224 846 1288 888 non
1305 845 1417 909 agnos·

189 943 314 1020 cerent,
338 960 410 1001 cum
433 939 481 1021 iis,
513 960 594 1024 quae
622 939 781 1024 probaret,
805 940 971 1025 principiis
994 962 1058 1004 non
1082 942 1254 1005 convenire
1279 947 1311 1005 et
1333 940 1416 1006 hanc

188 1055 228 1118 ob
262 1077 331 1119 rem
353 1063 486 1120 naturae
510 1078 619 1120 veram
640 1057 798 1121 rationem
821 1056 1017 1120 subvertere.
1064 1056 1128 1121 sed
1151 1064 1260 1122 nostra
1281 1059 1416 1122 interest

188 1172 279 1255 scire,
312 1194 388 1237 num
422 1174 457 1237 in
478 1172 538 1238 hac
573 1173 766 1238 refutatione
801 1194 927 1260 quoque
957 1175 1128 1238 Lucretius
1151 1181 1315 1239 auctorem
1331 1191 1415 1241 'suae
1470 1173 1473 1178 ’

188 1290 350 1356 doctrinae
373 1298 500 1357 secutus
523 1293 581 1374 sit,
609 1315 650 1356 an
680 1313 755 1356 vero
778 1293 840 1377 ipsi
863 1292 1080 1377 Anaxagorae
1104 1293 1285 1375 studuerit,
1310 1295 1414 1379 quod,

187 1409 214 1471 si
240 1415 327 1474 recte
351 1409 479 1504 quidem
501 1411 660 1493 vidimus,
697 1432 714 1474 e
739 1410 946 1496 sequentibus
969 1410 1101 1474 fortasse
1127 1411 1263 1475 discerni
1286 1413 1414 1497 poterit.

187 1524 319 1610 Epicuri
349 1526 549 1611 fragmenta,
586 1549 667 1613 quae
702 1527 742 1591 ad
776 1549 833 1591 nos
856 1534 1094 1613 pervenerunt,
1118 1528 1198 1591 nihil
1212 1528 1261 1592 'dc
1284 1529 1415 1594 Anaxa·

187 1662 264 1726 gera
293 1643 454 1727 referunt,
489 1645 535 1709 ita
569 1651 604 1709 ut
637 1645 690 1709 hic
725 1666 850 1731 quoque
885 1645 980 1709 certis
1010 1644 1137 1709 indiciis
1160 1645 1242 1709 nihil
1265 1645 1415 1711 affirmari

186 1760 296 1844 possit.
342 1759 405 1824 Sed
428 1767 536 1825 tamen
559 1767 632 1824 sunt
655 1761 811 1847 quaedam
834 1761 960 1825 indicia.
1008 1761 1140 1826 Constat
1164 1763 1259 1845 enim,
1284 1770 1413 1829 auctore

186 1879 317 1962 Diocle,
352 1880 527 1965 Epicurum
561 1900 603 1942 ex
634 1879 773 1965 antiquis
803 1880 945 1943 maxime
975 1879 1205 1963 Anaxagoram
1229 1882 1413 1966 amplexum

187 2017 274 2080 esse,
309 1998 369 2061 etsi
405 1998 438 2061 in
473 1996 662 2082 quibusdam
692 1997 740 2058 illi
775 1997 1006 2061 contradixerit
1024 2000 1054 2080 ³).
1099 1998 1218 2062 Itidem
1251 2005 1341 2084 patet
1371 2021 1413 2064 ex

185 2115 296 2200 paucis
318 2115 532 2199 Anaxagorae
556 2114 629 2177 libri
652 2119 719 2200 περὶ
745 2117 868 2201 φύσεως
893 2114 1097 2199 fragmentis,
1122 2137 1203 2201 quae
1227 2123 1413 2202 supersunt,

184 2232 288 2295 multa
321 2232 351 2295 ei
374 2232 553 2295 communia
576 2252 644 2294 esse
668 2253 740 2296 eum
763 2231 920 2317 Epicuro,
955 2233 989 2295 in
1012 2233 1121 2296 multis
1145 2233 1242 2297 etiam
1265 2233 1350 2297 huno
1374 2234 1414 2298 ab

184 2350 241 2413 illo
265 2349 391 2413 differre
406 2348 446 2433 2),
481 2350 621 2414 maxime
644 2349 677 2413 in
701 2350 757 2431 iis,
782 2371 862 2435 quae
886 2350 926 2412 ad
949 2356 1126 2414 atomorum
1149 2357 1297 2414 naturam
1317 2352 1414 2437 perti-

183 2473 273 2530 nent.
319 2467 560 2532 Constituamus
588 2487 663 2550 ergo
693 2466 769 2530 licet
803 2466 1009 2551 Gargettium
1034 2469 1131 2531 etiam
1156 2468 1351 2532 Clazomenii
1375 2468 1414 2534 de

100 2634 110 2648 .
183 2585 299 2674 atmnis
332 2583 508 2648 doctrinam
544 2604 755 2669 oppugnasse.
801 2584 894 2658 Quod
925 2585 951 2647 si
986 2591 1126 2667 constat,
1153 2585 1234 2648 nihil
1258 2592 1305 2648 est
1329 2585 1413 2672 quod

183 2708 278 2786 cogat
300 2724 357 2766 nos
380 2700 528 2784 credere,
553 2702 740 2765 Lucretium
768 2702 867 2788 ipsius
882 2702 1097 2786 Anaxagorae
1115 2703 1267 2788 scriptum
1279 2704 1413 2787 legisse,

183 2842 257 2884 cum
296 2841 378 2906 quae
416 2820 513 2884 refert
544 2840 586 2883 ex
620 2820 752 2904 Epicuri
790 2820 940 2905 operibus
968 2819 1097 2884 haurire
1129 2820 1280 2904 potuerit.
1327 2821 1411 2884 Eum

183 2991 379 2998 .....—-—..—.—.

219 3082 235 3140 ¹)
271 3082 302 3131 D.
320 3082 348 3131 L.
367 3083 408 3142 X,
428 3085 466 3131 12.

216 3177 238 3238 ²)
273 3177 311 3226 cf.
329 3176 441 3226 Mullach
457 3177 487 3225 fr.
505 3177 618 3240 Anaxag.
639 3181 668 3225 l4
686 3176 785 3227 τούτων
803 3175 827 3226 δὲ
846 3175 912 3226 cliro
931 3174 1125 3239 διακεκριμένων
1141 3175 1276 3241 γινώσκειν
1289 3174 1355 3240 χρὴ,
1373 3176 1413 3227 ὅτι

130 3263 132 3267 ’
184 3273 239 3338 (τὰ)
264 3274 352 3322 πάντα
378 3271 451 3322 οὐδὲν
476 3273 576 3322 ἐλάσσω
602 3272 657 3324 ἐστὶ
682 3272 740 3322 οὐδὲ
759 3275 837 3322 πλέω.
872 3273 908 3337 Ορ
926 3273 973 3336 γὰρ
992 3272 1105 3321 ἀνυστὸν
1123 3273 1231 3321 πάντων
1248 3270 1317 3321 πλέω
1335 3273 1412 3324 εἶναι.

183 3370 254 3419 ἀλλὰ
272 3370 360 3419 πάντα
377 3370 419 3418 ἴσα
437 3369 484 3417 uisi
501 3367 539 3416 Cf.
558 3368 630 3416 Lucr.
650 3367 695 3428 II,
720 3371 766 3416 303
784 3384 837 3432 sqq.
864 3367 894 3415 fr.
915 3369 943 3419 17
962 3367 1032 3418 τὸδὲ
1050 3369 1167 3432 γίνεσθαι
1187 3370 1229 3416 καὶ
1246 3367 1414 3416 ἀπόλλυσθαι

184 3464 231 3514 οὐκ
251 3465 334 3526 ὀρθῶς
358 3465 487 3526 νομίζουσι
513 3460 852 3528 οἱ“1111ηνες’σύὂ1νγὰρ
877 3468 963 3527 χρῆμα
982 3462 1039 3513 οὐδὲ
1056 3461 1154 3528 γίνεται
1172 3462 1228 3513 οὐδὲ
1248 3463 1413 3519 ἀπόλλυται,

183 3560 244 3611 ἀλλ’
272 3559 324 3611 ἀπὸ
348 3559 443 3608 ἐόντων
468 3559 605 3622 χρημάτων
631 3555 795 3622 συμμίσγεταί
813 3575 839 3606 σε
857 3559 899 3606 καὶ
916 3555 1076 3621 διακρίνεται.
1113 3558 1162 3607 Καὶ
1183 3555 1263 3613 οὕτως
1281 3557 1315 3606 ἂν
1330 3557 1414 3620 ὀρθῶς

183 3659 287 3706 καλοῖεν
312 3654 340 3704 τό
363 3673 389 3704 τι
414 3651 530 3721 γίνεσθαι
550 3655 734 3718 συμμίσγεσθαι
753 3654 794 3702 καὶ
811 3653 840 3701 τὸ
858 3654 1024 3704 ἀπόλλυσθαι
1043 3649 1225 3715 διακρίνεσθαι,
1260 3650 1299 3699 Ab
1318 3666 1346 3700 eo
1363 3651 1413 3699 dis·

183 3756 286 3813 crepant
301 3749 362 3800 haec
378 3750 409 3798 fr.
427 3752 458 3798 6:
476 3749 504 3800 ἐν
521 3750 602 3799 παντὶ
618 3752 717 3806 παντὸς
734 3753 809 3812 μοῖρα
827 3747 908 3798 ἔνεστι
929 3747 1012 3810 (Lucr.
1031 3747 1062 3808 I,
1081 3750 1150 3806 876).
1178 3749 1251 3807 πλὴν
1268 3749 1344 3796 νόου·
1361 3746 1415 3796 ἔστι

184 3844 236 3894 οἶσι
253 3844 277 3894 δὲ
296 3847 336 3894 sal
354 3847 413 3902 νόος
428 3844 465 3892 ἔνι
484 3843 565 3903 (Lucr.
584 3843 614 3903 1,
633 3845 695 3904 919,
713 3845 752 3890 20.
786 3843 867 3892 Locus
883 3840 924 3891 hie
941 3857 991 3891 non
1007 3846 1045 3890 est
1061 3840 1172 3904 integer:
1199 3839 1227 3888 in
1243 3840 1326 3888 animo
1343 3843 1411 3888 erat:

183 3937 208 3989 si
231 3939 306 4003 fingis
329 3937 442 3988 materiai
467 3954 568 4001 corpora
587 3937 700 4002 (atomos)
719 3935 843 3986 consimili
858 3941 948 3985 natura
964 3951 1017 3985 esse
1033 3935 1156 3998 praeditas
1173 3940 1247 3998 atqua
1264 3950 1315 3983 rem
1332 3950 1363 3984 ex
1380 3933 1412 3984 iis

184 4034 361 4098 compositam,
387 4050 438 4084 non
453 4039 538 4098 potes,
565 4033 627 4097 quin
651 4048 734 4082 rerum
759 4031 871 4081 sensibus
888 4031 1055 4094 praeditarum
1071 4035 1165 4079 atomos
1183 4045 1281 4094 quoque
1299 4029 1412 4079 sensibus

183 4129 307 4194 praeditas
333 4146 400 4190 esso,
429 4134 538 4180 statuas:
568 4129 634 4193 quod
659 4128 681 4177 si
697 4127 758 4176 facis
775 4133 879 4191 pereunt
896 4126 944 4176 tibi
960 4125 1093 4189 primordia
1109 4142 1210 4186 rerum3
1229 4125 1289 4185 „fiet
1305 4125 1345 4174 uti
1360 4124 1413 4175 risu

183 4225 291 4275 tremulo
313 4240 431 4274 concussa
448 4223 595 4273 cachinnent
612 4228 637 4271 et
653 4221 761 4272 lacrimis
778 4221 848 4271 salsis
865 4226 991 4270 umectent
1007 4236 1049 4270 ora
1065 4220 1224 4283 genasque'’:
1250 4225 1276 4268 at
1292 4224 1346 4269 tum
1363 4236 1413 4270 non

183 4319 291 4383 amplius
308 4318 472 4368 immutabilis
489 4323 548 4368 sunt
563 4317 695 4382 primordia
710 4334 807 4379 rerum,
824 4333 904 4381 neque
921 4316 1012 4375 solida;
1030 4331 1088 4363 nam
1105 4314 1189 4374 nervi,
1204 4313 1299 4364 viscera
1316 4313 1413 4378 aliaque

183 4416 238 4466 sine
256 4415 345 4480 quibus
361 4432 411 4464 non
427 4422 531 4478 possunt
548 4415 652 4482 sentire,
670 4420 729 4464 sunt
745 4413 841 4473 mollia;
860 4427 918 4475 crgo
935 4427 991 4460 cum
1009 4409 1093 4459 mollia
1105 4409 1155 4459 sint
1166 4415 1191 4459 et
1202 4408 1332 4459 mutabilia
1343 4424 1412 4471 pere·

183 4516 229 4560 ant
244 4527 341 4575 quoque
358 4526 456 4560 necesse
472 4516 516 4560 est.
555 4514 633 4571 1021,
657 4510 701 4570 ΙΙ,
730 4511 776 4561 973
794 4507 857 4572 sqq.)
882 4507 912 4555 fr.
933 4509 978 4566 15,
1004 4507 1062 4558 οὔτε
1080 4509 1123 4556 τοῦ
1143 4507 1246 4568 σμικροῦ
1265 4502 1291 4567 γέ
1310 4502 1362 4553 ἐστι
1381 4502 1410 4552 τό

182 4624 213 4672 γε
230 4606 366 4672 ἐλάχιστον
389 4608 462 4656 ἀλλ’
487 4605 635 4657 ἔλασσον
658 4601 731 4653 αἰεί.
767 4603 847 4662 (Lucr.
867 4601 898 4662 Ι,
917 4602 982 4666 844.)
