3196 5160
769 346 830 408 100

182 552 295 614 τούτου
321 551 507 634 Δημοκρίτῳ
531 548 767 629 συνεπόμενος,
790 551 925 614 ἐνταῦθα
949 546 981 615 δὲ
1005 549 1173 636 προλιπὼν
1196 551 1414 636 τὸνλόγον),

181 665 268 732 ἀλλά
299 673 346 732 καὶ
378 669 441 730 τῶν
465 664 540 730 κατά
563 668 673 751 ψυχὴν
697 669 873 748 κινημάτων
896 672 944 732 καὶ
967 665 1198 753 βουλευμάτων
1221 671 1340 754 ἑκάστῳ
1364 674 1413 734 καὶ

182 789 272 862 ἠθῶν
295 790 343 849 καὶ
367 788 480 849 παθῶν
504 786 650 869 ἐμφάσεις
675 782 950 870 ἀναλαμβάνοντα
974 787 1219 872 συνεφέλκεσθαι
1242 792 1289 851 καὶ
1315 815 1415 871 προσ-

181 907 337 968 πίπτοντα
377 902 451 985 μεταὶ
486 905 608 967 τούτων
643 903 746 987 ὥσπερ
781 901 929 988 έμφυχα,
973 903 1102 989 φράζειν
1132 910 1180 970 καὶ
1216 903 1415 970 διαστέλλειν

181 1031 250 1096 τοῖς
275 1018 520 1106 ὑποδεχομένοις
544 1019 600 1094 τάς
624 1024 687 1084 τῶν
710 1023 879 1100 μεθιέντων
903 1020 980 1086 αὐτά
1004 1019 1102 1096 δόξας
1117 1027 1164 1087 καὶ
1182 1019 1415 1107 διαλογισμοὺς

183 1144 231 1205 καὶ
256 1137 378 1224 ὁρμάς,
397 1174 399 1179 ’
415 1140 492 1202 ὅταν
520 1139 699 1222 ἐνάρθρους
723 1142 770 1201 καὶ
796 1135 1002 1223 ἀσυγχύτους
1027 1137 1227 1222 φυλάττοντα
1250 1136 1414 1224 προσμίξῃ

182 1254 239 1331 τάς
262 1256 395 1333 εἰκόνας.

226 1372 279 1436 Ex
306 1393 419 1436 eorum
449 1375 575 1453 mente,
605 1371 660 1455 qui
693 1377 815 1434 atomos
851 1376 883 1434 et
917 1393 1054 1436 vacuum
1077 1373 1144 1435 sola
1167 1371 1276 1436 dicunt
1298 1393 1414 1436 revera

183 1511 272 1572 esse,
306 1489 386 1554 nihil
420 1510 494 1553 saue
530 1488 726 1552 coustantius
762 1489 823 1552 diei
857 1495 983 1574 potest,
1025 1512 1096 1554 cum
1135 1490 1174 1553 de
1216 1491 1318 1554 libera
1357 1512 1411 1554 vo-

181 1608 305 1671 luntate
344 1607 378 1670 in
416 1605 570 1670 eiusmodi
618 1605 761 1669 doctrina
806 1627 846 1669 ne
881 1628 984 1670 sermo
1019 1606 1147 1692 quidem
1193 1629 1262 1671 esse
1300 1609 1411 1692 possit.

184 1726 265 1791 Cum
298 1725 423 1788 animus
454 1724 494 1786 sit
528 1723 662 1787 materia
697 1724 765 1786 eius
787 1730 892 1787 motus
915 1731 989 1787 sunt
1011 1732 1116 1787 motus
1139 1726 1292 1788 materiae
1316 1732 1349 1789 et
1372 1726 1413 1788 ad

182 1849 288 1906 motus
315 1847 494 1906 atomorum
516 1840 698 1922 referendi,
729 1841 756 1903 si
780 1862 906 1904 causam
930 1842 1120 1926 quaerimus.
1167 1842 1261 1906 Hanc
1295 1843 1412 1906 seriem

182 1961 384 2026 Democritus
416 1959 575 2045 Epicurus
608 1958 778 2022 Lucretius
816 1965 961 2022 statuunt
984 1981 1073 2023 esse:
1104 1965 1283 2025 atomorum
1305 1967 1413 2024 motus

182 2084 230 2142 est
264 2099 359 2142 causa
389 2082 494 2140 motus
525 2075 719 2159 imaginum,
753 2075 910 2159 imagines
946 2097 980 2139 se
1003 2082 1169 2142 moventes
1192 2078 1320 2162 pulsant
1343 2079 1413 2141 ani-

182 2215 290 2276 mum,
325 2193 450 2258 animus
484 2212 597 2277 corpus
627 2191 777 2277 propellit
816 2212 876 2276 ope
916 2192 1051 2256 animae.
1109 2193 1278 2257 Lueretius
1311 2194 1414 2276 igitur

183 2310 329 2374 sibinen
353 2315 496 2374 constare
520 2308 657 2373 videtur.
690 2309 779 2383 Quae
803 2309 884 2372 libro
907 2309 1046 2373 secundo
1071 2311 1129 2393 (vs.
1154 2313 1216 2374 277
1241 2312 1338 2396 seqq.)
1365 2311 1412 2374 di-

184 2428 248 2492 cit:
276 2429 400 2510 ,iamne
422 2428 513 2491 vides
535 2427 653 2510 igitur,
678 2448 869 2512 quamquam
892 2427 940 2490 vis
964 2427 1085 2490 extima
1107 2428 1225 2491 multos
1240 2428 1354 2512 pellit,
1380 2435 1414 2492 et

183 2543 300 2607 invitos
335 2549 427 2628 cogat
460 2542 631 2629 procedere
667 2563 761 2627 saepe
795 2532 1050 2628 praecipitesque
1081 2543 1172 2628 rapi,
1208 2550 1316 2607 tamen
1340 2565 1413 2608 esse

183 2662 217 2725 in
250 2668 378 2747 pectore
413 2667 520 2725 nostro
556 2661 723 2746 quiddam,
770 2660 854 2746 quod
874 2667 997 2725 'contra
1038 2682 1182 2746 pugnare
1221 2661 1414 2748 obstareque

184 2781 307 2865 possit?
330 2780 419 2843 cuius
443 2779 484 2843 ad
506 2778 673 2842 arbitrium
697 2799 821 2864 quoque
839 2779 930 2864 copia
946 2779 1092 2842 materiai
1109 2780 1233 2863 cogitur
1248 2779 1416 2844 interdum

184 2896 269 2960 flecti
300 2917 358 2981 per
383 2895 543 2978 membra,
577 2916 636 2980 per
669 2901 777 2978 artus,
813 2903 846 2959 et
868 2896 1009 2981 proiecta
1032 2895 1227 2978 refrenatur,
1259 2902 1414 2983 retroque

183 3013 314 3078 residit”
340 3051 380 3059 —-
404 3034 472 3077 rem
494 3012 594 3077 nihilo
618 3013 783 3076 clariorem
807 3012 953 3076 reddunt.
984 3012 1051 3076 Ex
1074 3034 1139 3076 una
1160 3019 1251 3098 parte
1274 3013 1415 3078 liberam

184 3132 383 3195 voluntatem
419 3131 589 3194 defendere
624 3130 714 3213 vult,
748 3151 790 3192 ex
821 3130 922 3194 altera
955 3137 1063 3193 tamen
1097 3151 1168 3193 eam
1190 3152 1253 3193 non
1276 3130 1416 3195 liberam

185 3269 255 3312 esse
289 3247 381 3312 fateri
415 3247 558 3332 cogitur;
594 3269 667 3312 nam
700 3248 726 3311 si
759 3247 923 3312 ambulare
954 3248 1047 3330 volo,
1079 3247 1248 3312 simulacra
1281 3250 1415 3313 meandi

184 3367 322 3452 primum
356 3366 499 3430 accidere
531 3365 665 3429 debent:
701 3386 777 3450 ergo
809 3366 835 3429 si
862 3372 991 3447 „contra
1013 3386 1172 3451 pugnare,
1197 3366 1414 3452 obstareque'’

184 3486 257 3549 volo
280 3485 313 3549 vi
335 3487 492 3567 extimae,
517 3505 598 3570 quae
621 3504 673 3546 me
696 3484 869 3569 propellit,
893 3484 1032 3568 primum
1056 3484 1225 3547 simulacra
1240 3484 1418 3549 resistendi

184 3602 218 3665 in
249 3601 391 3694 animum
424 3622 532 3665 meum
565 3604 734 3685 penetrare
763 3599 900 3683 debent,
936 3621 1018 3686 quae
1041 3601 1240 3665 voluntatem
1262 3601 1416 3666 obstandi

185 3719 337 3784 excitent.

228 3837 256 3901 E
279 3837 348 3901 loco
372 3835 616 3922 supralaudato
640 3841 773 3921 apparet
795 3835 971 3920 Epicurum
995 3857 1058 3899 non
1080 3836 1175 3921 plane
1199 3857 1271 3899 cum
1292 3835 1416 3902 Demo·

186 3954 264 4018 crito
287 3954 483 4036 consentire,
508 3975 580 4017 cum
603 3976 667 4017 uon
690 3975 799 4017 omnes
822 3954 920 4017 animi
942 3960 1048 4017 motus
1072 3952 1184 4016 eodem
1204 3952 1297 4017 modo
1314 3959 1416 4040 atque

185 4068 335 4134 sensuum
369 4071 590 4156 perceptiones
625 4071 787 4156 explicare
822 4071 969 4134 voluerit.
1017 4072 1222 4135 Democritus
1253 4071 1315 4134 sibi
1339 4095 1416 4137 eon·

186 4197 267 4255 stat:
299 4191 400 4253 libera
423 4189 570 4252 voluntas
593 4210 658 4251 non
681 4195 750 4271 est,
782 4189 889 4252 omnia
911 4189 1101 4253 necessitate
1125 4189 1226 4271 fiunt,
1259 4211 1336 4252 nam
1360 4194 1416 4257 οὐ·

187 4313 259 4374 σίαν
282 4308 423 4394 ἆνάγκης
446 4305 528 4369 dixit
550 4309 607 4383 τὴν
631 4309 833 4372 ἀντιτυπίαν.
859 4310 906 4371 καὶ
930 4307 987 4381 τὴν
1011 4304 1114 4391 φοράν
1137 4335 1184 4370 και
1207 4308 1265 4381 τὴν
1281 4308 1415 4391 πληγὴν

186 4437 241 4502 τῆς
272 4425 352 4501 ὕλης
372 4422 400 4507 ¹).
446 4424 603 4509 Epicurus
634 4429 740 4487 tamen
764 4428 977 4507 congruenter
1000 4444 1072 4486 cum
1095 4423 1193 4486 totius
1217 4423 1285 4486 eius
1309 4423 1415 4509 philo·

219 4704 238 4768 ί)
272 4703 339 4753 Plut.
357 4702 421 4764 plac.
440 4701 470 4762 I,
490 4704 529 4750 26.
