3196 5160
781 253 822 315 96

183 456 243 521 hoc
276 456 439 520 criterium
461 455 626 541 posuisse,
665 476 858 540 quamquam
880 477 944 519 non
968 461 1093 519 constat
1116 476 1189 519 eum
1211 456 1245 519 in
1269 455 1417 519 omnibus

183 575 247 638 suis
270 574 395 659 scriptis
418 594 545 658 semper
576 572 636 636 sibi
660 573 849 636 constitisse.

229 689 302 776 lpse
336 696 431 775 poeta
464 690 563 753 sensit
598 690 716 753 multas
750 690 855 753 inesse
887 688 1089 752 difficultates
1120 689 1154 751 in
1175 687 1236 752 hac
1260 687 1417 752 doctrina.

185 810 304 875 Docuit
337 830 412 874 sane
440 830 494 873 eas
516 809 690 893 imagines,
725 809 863 895 quaein
885 814 1028 872 mentem
1051 814 1221 893 penetrant
1244 809 1347 872 multo
1371 814 1418 872 te·

185 927 313 990 nuiores
351 946 419 989 esse
450 946 546 1010 quam
575 925 665 1007 illas,
704 947 786 1011 quae
821 946 932 989 sensus
965 925 1108 988 afficiunt
1123 930 1162 1007 ¹),
1201 930 1233 988 et
1267 924 1419 1010 probavit

186 1045 328 1109 animum
351 1065 452 1129 aeque
475 1050 571 1130 atque
594 1065 705 1108 sensus
727 1044 904 1108 simulacris
926 1044 1069 1126 moveri,
1101 1043 1251 1128 quoniam
1285 1049 1418 1129 ,quate-

186 1185 245 1227 nus
267 1162 328 1226 hoc
351 1161 453 1225 simile
477 1168 525 1226 est
547 1162 616 1244 illi,
652 1161 738 1247 quod
759 1167 867 1225 mente
890 1160 1035 1224 videmus
1058 1167 1154 1246 atque
1177 1161 1294 1243 oculis,
1319 1160 1418 1225 simili

185 1281 309 1344 ratione
332 1279 402 1342 fieri
425 1299 555 1342 necesse
586 1279 655 1341 est”
669 1277 713 1362 ²),
749 1278 805 1342 sed
827 1283 935 1342 tamen
962 1279 1165 1364 ,multalque)
1189 1279 1223 1340 in
1245 1277 1296 1341 his
1320 1260 1417 1342 rebus

185 1402 404 1484 quaeruntur,
439 1397 602 1481 multaque
626 1395 717 1459 nobis
741 1395 975 1478 clarandumst,
1005 1396 1099 1480 plane
1123 1396 1149 1459 si
1172 1416 1223 1458 111
1247 1416 1414 1480 exponere

184 1511 383 1598 avemus’'³).
429 1513 594 1588 Quomodo
617 1513 653 1576 fit
675 1519 711 1577 ut
733 1512 829 1577 homo
852 1513 993 1596 cogitare
1017 1513 1134 1598 possit,
1159 1512 1415 1599 quibuscumque

184 1632 223 1696 de
256 1631 352 1696 rebus
386 1631 492 1695 velit?
537 1631 585 1694 Ut
618 1631 673 1694 alii
708 1630 820 1694 eodem
850 1630 920 1693 loco
956 1629 1131 1715 eodemque
1167 1637 1311 1715 tempore
1334 1629 1416 1694 alias

183 1749 324 1814 habeant
358 1748 590 1833 cogitationes?
636 1748 683 1812 Ut
717 1747 874 1832 imagines
901 1749 935 1811 in
958 1769 1127 1811 numerum
1150 1747 1324 1833 procedere
1347 1767 1416 1812 cer-

185 1889 298 1931 namus
320 1867 355 1930 in
377 1866 495 1930 somnis
518 1871 549 1929 ct
572 1866 682 1930 mollia
703 1865 847 1929 membra
867 1865 1020 1929 movere?

233 1983 403 2066 ,Scilicet,
437 1988 504 2046 arte
535 1982 665 2046 madent
689 1982 857 2046 simulacra
880 1987 912 2045 et
936 1980 1029 2045 docta
1048 1985 1223 2065 vagantur,
1258 1985 1417 2044 nocturno

181 2101 286 2166 facere
315 2105 351 2164 ut
374 2100 496 2185 possint
518 2099 552 2162 in
575 2105 719 2185 tempore
743 2099 843 2164 ludos.
889 2099 943 2163 An
967 2099 1070 2183 magis
1092 2098 1173 2162 illud
1196 2099 1256 2162 erit
1278 2099 1417 2162 verum?

183 2218 259 2305 quia
290 2224 434 2303 tempore
472 2217 504 2280 in
538 2238 602 2281 uno
635 2217 720 2302 quod
750 2217 922 2299 sentimus,
945 2216 979 2280 id
1002 2222 1051 2280 est
1073 2237 1146 2280 cum
1169 2237 1234 2280 vox
1257 2216 1419 2280 emittitur

183 2356 269 2416 una,
294 2339 441 2418 tempora
463 2333 565 2396 multa
586 2333 705 2415 latent,
737 2333 817 2397 ratio
841 2354 923 2419 quae
946 2334 1101 2418 comperit
1124 2353 1215 2414 esse,
1245 2337 1420 2417 propterea

184 2453 220 2516 fit
253 2453 301 2516 uti
327 2452 438 2538 quovis
460 2453 494 2515 in
517 2457 660 2536 tempore
685 2473 829 2538 quaeque
853 2458 980 2538 praesto
1005 2452 1068 2515 sint
1090 2451 1258 2515 simulacra
1280 2451 1361 2514 locis
1384 2452 1420 2515 in

185 2570 319 2656 quisque
345 2569 479 2655 parata”
491 2566 527 2647 4).

233 2686 359 2751 Deinde
394 2686 520 2749 animus
555 2706 589 2749 se
618 2685 786 2749 intendere
818 2684 913 2749 debet
940 2690 977 2748 ut
998 2684 1113 2748 videat
1129 2684 1304 2769 imagines,
1341 2707 1420 2750 nam

187 2806 339 2891 quoniam
373 2810 486 2869 tenues
516 2808 590 2868 sunt
623 2803 844 2889 praeteribunt
874 2824 933 2867 nec
966 2802 1161 2866 videbuntur
1188 2803 1249 2867 nisi
1272 2803 1421 2868 animum

187 2923 334 2988 advertas
378 2921 463 3008 quod
504 2921 590 2986 idem
638 2922 690 3003 ,in
736 2920 831 2985 rebus
877 2921 1016 3005 apertis’'
1060 2920 1096 2984 fit
1128 2941 1188 2985 nec
1223 2927 1292 2984 tum
1315 2922 1416 2986 mira·

188 3061 260 3104 mur
275 3037 307 3123 5).
363 3039 433 3103 Η11
478 3039 680 3103 difficultates
721 3039 828 3122 attigit
865 3043 961 3124 poeta
997 3043 1123 3101 tantum
1161 3058 1264 3123 neque
1304 3060 1420 3104 omnes

190 3144 294 3207 solvit.
339 3142 385 3205 Ut
420 3141 597 3225 imaginum
627 3141 661 3204 in
694 3161 863 3204 numerum
892 3145 998 3203 motus
1029 3140 1207 3225 explicaret
1233 3140 1297 3203 iam
1321 3147 1423 3206 antea

188 3283 235 3326 11.
269 3263 330 3324 775
360 3260 484 3324 monuit
513 3260 547 3322 in
580 3280 643 3322 unc
675 3259 816 3323 sensibili
840 3264 983 3343 tempore
1007 3258 1099 3343 plura
1122 3258 1225 3321 inesse
1250 3264 1420 3343 tempora,

190 3399 271 3465 quae
305 3379 429 3442 ratione
459 3382 585 3440 tantum
619 3381 860 3458 cognoscantur.
905 3374 996 3438 Idem
1031 3374 1180 3459 opinatur
1209 3373 1343 3438 fortasse
1376 3375 1420 3440 de

189 3496 383 3580 imaginibus
418 3494 481 3558 dici
514 3514 616 3579 posse.
654 3493 702 3573 ¹In
739 3493 849 3578 quovis
884 3491 1026 3556 sensibili
1060 3498 1203 3578 tempore
1233 3513 1332 3557 unam
1357 3493 1423 3557 dis·

194 3723 376 3734 ...-...——--

225 3847 242 3906 ¹)
276 3845 320 3896 Vs.
339 3845 401 3904 728,
420 3846 458 3892 29.

224 3942 243 4002 ²]
276 3941 320 3991 Vs.
339 3940 385 3993 750
404 3937 492 3989 Simile
508 3941 546 3988 est
562 3941 735 4002 argumentum
752 3941 827 4002 etque
843 3953 880 3987 11.
899 3939 954 3985 230.

225 4037 235 4069 ³
276 4035 392 4088 71777.

224 4043 244 4190 41
279 4129 414 4181 792-801.
442 4125 544 4176 Lachm
557 4142 594 4176 11.
608 4129 724 4176 8961111
737 4127 782 4178 783
794 4125 880 4189 ponit,
897 4124 943 4174 ubi
953 4127 1106 4174 consentimus
1117 4140 1167 4174 non
1178 4123 1261 4174 minus
1272 4122 1423 4188 impeditam

193 4223 401 4276 constructionem
417 4221 504 4271 reddit.
539 4220 675 4284 „Tempore
691 4221 718 4270 in
730 4237 780 4270 uno
798 4221 864 4284 (velz
884 4199 934 4285 illo)
948 4220 1014 4284 quod
1025 4218 1160 4269 sentimus’'
1174 4218 1371 4283 circumscriptio
1383 4224 1423 4270 est
1439 4262 1441 4268 .

193 4317 310 4384 Epicurei
335 4317 362 4366 ἐν
390 4316 503 4379 αἰσθητῷ
529 4316 622 4379 χρόνῳ.
646 4316 679 4364 D.
704 4316 733 4363 L.
760 4315 793 4364 X.
811 4316 854 4376 47,
881 4319 906 4364 et
931 4313 1063 4376 opponitur
1085 4313 1252 4376 „temporibus
1271 4313 1335 4363 ratio
1355 4329 1422 4378 quac

193 4411 312 4476 comperit
328 4410 396 4460 1111”
416 4429 445 4454 =
463 4409 503 4459 διὰ
520 4412 598 4476 λόγου
615 4413 752 4475 &corporate
769 4415 877 4475 χρόνοις.

226 4507 245 4566 ⁶)
279 4504 370 4554 Merito
391 4502 565 4554 Lachmannue
593 4503 638 4554 hos
665 4520 752 4554 versus
780 4504 907 4557 777-817
932 4503 1003 4554 uncis
1028 4502 1131 4554 inclusit
1154 4507 1281 4569 tamquam
1298 4507 1421 4567 postest

193 4607 265 4665 poeto
277 4597 380 4647 additos.
416 4596 454 4646 cf.
472 4597 572 4661 Brieger
589 4596 680 4647 Philol.
697 4595 838 4658 XXXIII,
857 4601 912 4647 439.
