3196 5160
775 291 817 353 84

181 497 343 579 mulacra,
378 495 474 560 etiam
508 493 586 557 alias
620 513 689 557 esse
723 493 899 577 imagines,
935 515 1016 578 quae
1052 499 1164 579 sponte
1198 496 1312 559 99919
1336 516 1411 560 aere

152 666 155 672 .
182 616 269 680 fiant.
314 613 410 678 Hunc
441 611 600 693 ordinem,
635 631 730 696 quern
760 611 842 674 ratio
864 611 966 696 poscit
984 617 1021 674 et
1043 611 1176 696 Epicuri
1198 613 1239 677 ad
1262 613 1410 678 Herodo-

183 739 251 797 tum
268 739 271 744 ’
291 731 424 817 99191919
460 728 597 793 ostendit
614 725 654 810 ¹),
689 750 761 790 oum
799 729 866 791 sine
889 729 955 791 ulla
994 728 1191 794 dubitatione
1228 729 1302 793 libri
1339 738 1411 817 περὶ

183 852 308 936 φύσεως
347 845 483 910 eundem
517 843 743 929 praebuerint,
777 844 960 907 Lucretiani
996 845 1119 908 codices
1149 852 1308 911 mutatum
1338 870 1412 933 pro·

183 966 271 1029 dunt.
316 964 394 1028 Post
427 963 515 1026 illam
549 962 696 1025 lacunam
730 961 870 1024 enimin
895 983 957 1046 qua
981 961 1019 1024 de
1043 963 1199 1027 tenuitate
1223 970 1254 1028 et
1277 965 1411 1031 levitate

182 1084 422 1148 simulacrorum
457 1100 637 1144 sermonem
660 1078 756 1141 fuisse
780 1078 936 1160 vidimus,
971 1080 1110 1165 primum
1132 1081 1269 1166 legimus
1292 1089 1324 1146 et
1347 1084 1411 1148 alia

184 1222 252 1265 esse
277 1199 463 1281 simulacra,
488 1218 570 1283 quae
594 1202 705 1282 sponte
729 1218 785 1260 sua
808 1197 1034 1282 gignanturf),
1069 1197 1183 1261 deinde
1207 1221 1302 1285 quam
1324 1200 1411 1264 facili

183 1324 215 1382 et
239 1317 334 1381 celeri
358 1316 480 1380 ratione
504 1315 677 1398 gignantur
689 1315 721 1396 ³).
768 1313 1009 1396 Lachmannus,
1044 1315 1098 1398 qui
1121 1316 1242 1400 primus
1265 1316 1411 1381 ordinem

183 1441 342 1498 mutatum
376 1453 444 1496 esse
480 1432 648 1514 cognovit,
682 1436 774 1516 putat
804 1437 948 1515 poetam,
985 1452 1056 1495 cum
1087 1454 1162 1496 ase
1185 1435 1411 1518 praetermissa

185 1573 254 1616 esse
286 1573 366 1637 quae
401 1573 446 1614 rs.
482 1552 650 1613 129-142
685 1549 849 1612 continent
883 1549 1116 1632 intellexisset,
1149 1550 1227 1614 haec
1261 1551 1295 1614 in
1319 1551 1411 1615 char·

183 1675 232 1734 tas
266 1669 312 1732 ita
335 1668 538 1750 coniecisse,
573 1674 608 1730 ut
643 1688 681 1730 aa
714 1666 801 1729 nullo
830 1671 916 1729 certo
948 1666 1017 1728 loco
1049 1667 1235 1751 reposuerit.
1283 1668 1411 1732 Deinde

183 1808 256 1850 cum
277 1785 365 1850 hisce
387 1785 533 1849 versibus
559 1783 737 1868 iungendos
760 1804 828 1847 esse
852 1789 960 1846 censet
983 1805 1028 1846 vs.
1056 1785 1233 1848 168-175.

227 1903 322 1968 Salva
356 1904 424 1966 viro
460 1903 640 1966 doctissimo
676 1901 783 1965 debita
811 1902 991 1965 reverentia
1024 1922 1081 1964 nos
1113 1907 1221 1965 tamen
1250 1903 1412 1967 malumus

183 2027 291 2106 partes
326 2020 473 2084 carminis
507 2021 550 2083 sic
584 2041 684 2083 nexas
717 2019 801 2082 inter
834 2039 867 2082 se
900 2018 1017 2082 fuisse:
1053 2022 1180 2099 -128,
1218 2021 1411 2105 lto—229,

188 2140 375 2220 143-167,
413 2139 582 2201 168-175
600 2137 643 2219 4),
681 2139 861 2199 ino-142.
907 2135 953 2198 Ut
986 2135 1067 2199 hanc
1099 2137 1279 2221 opinionem
1303 2137 1412 2203 defen·

187 2255 298 2318 damus
332 2255 427 2318 liceat
449 2276 570 2318 nexum
593 2276 639 2318 vs.
666 2256 834 2317 177-229
858 2275 930 2316 cum
953 2255 1059 2316 -128
1081 2254 1231 2318 indicare.
1276 2255 1414 2320 Praeter

187 2377 428 2456 argumentum,
452 2372 537 2457 quod
560 2394 602 2435 ex
625 2371 755 2456 Epicuri
772 2371 896 2455 scriptis
912 2370 1102 2455 sumpsimus
1117 2370 1196 2434 haec
1212 2367 1412 2438 animadver-

186 2496 243 2553 tas.
290 2489 435 2552 Primum
473 2489 662 2552 tenuitatem
701 2494 733 2552 ct
769 2488 934 2551 levitatem
972 2487 1210 2552 simulacrorum
1246 2496 1412 2576 tamquam

188 2626 297 2670 eorum
333 2605 504 2669 celeritatis
536 2627 645 2669 causas
679 2605 771 2669 affert
808 2607 885 2687 183,
923 2607 1004 2687 196,
1041 2608 1102 2669 195
1125 2606 1220 2691 (apud
1243 2606 1411 2692 Lachm.),

186 2722 300 2787 deinde
335 2724 375 2787 ad
405 2724 496 2787 99119
525 2725 577 2806 oi,
613 2744 762 2807 cassoque
784 2743 877 2786 99999
900 2724 987 2806 (128)
1011 2724 1171 2808 pertinere
1194 2724 1411 2808 9119199193

189 2847 222 2905 91
260 2843 320 2904 194
356 2841 459 2927 ,quod
492 2841 623 2926 parvola
654 2862 748 2904 causa
782 2845 831 2904 991
863 2841 974 2925 procul
996 2863 1014 2904 a
1038 2847 1127 2925 tergo
1150 2863 1230 2927 quae
1254 2844 1413 2928 provehat

186 2962 283 3041 atque
317 2956 518 3041 propellat”;
553 2963 641 3038 tum,
677 2956 703 3018 si
734 2955 810 3040 quid
844 2955 1009 3039 videmus,
1043 2958 1125 3038 197,
1151 2959 1211 3020 198
1238 2958 1352 3039 ,199119
1376 2967 1412 3024 91

187 3074 316 3161 quasvis
346 3081 514 3159 penetrare
538 3079 657 3161 queant
678 3095 729 3137 res
753 3079 784 3137 91
807 3075 896 3160 quasi
919 3095 1105 3159 permanare
1127 3096 1185 3160 per
1207 3077 1290 3140 aeris
1312 3079 1412 3143 inter·

219 3307 238 3369 1)
276 3305 308 3355 D.
326 3305 407 3355 nx.
426 3304 596 3366 46‚47,4s.
669 3282 672 3286 ⁴

217 3402 239 3466 ²)
272 3401 315 3451 vs.
336 3403 470 3450 roo-140.
618 3381 625 3395 ⁰

218 3497 235 3555 ³]
270 3495 312 3545 Vs.
335 3496 469 3548 lar-175.

216 3590 237 3652 4)
272 3588 350 3639 Hisce
367 3588 480 3638 versibus
498 3592 570 3650 poeta
587 3586 655 3636 aliud
667 3587 738 3637 affert
755 3594 944 3653 argumentum,
962 3606 1011 3655 quo
1022 3589 1163 3652 videamus,
1182 3598 1274 3656 quanta
1285 3592 1416 3645 celeritate

184 3682 305 3747 imagines
315 3684 456 3746 gignantur.
476 3681 595 3730 Serenum
605 3681 700 3730 caelum
707 3697 825 3746 perquam
833 3683 915 3733 subito
923 3683 1051 3733 turbidum
1062 3689 1087 3734 et
1095 3685 1226 3734 obscurum
1233 3686 1262 3735 fit
1270 3686 1399 3737 interdum
1408 3725 1416 3750 ,

185 3776 302 3841 quoniam
318 3775 385 3825 leves
402 3780 428 3824 91
443 3779 531 3824 199999
547 3774 625 3824 nubes
643 3791 739 3824 summa
751 3776 875 3826 celeritate
886 3781 985 3841 propter
999 3777 1078 3841 ipsam
1089 3777 1216 3828 levitatem
1228 3783 1252 3828 91
1262 3779 1417 3832 tenuitatem

185 3871 285 3935 gignere
302 3875 328 3920 91
340 3869 462 3920 confluere
474 3874 584 3932 possunt.
602 3870 637 3918 At
646 3876 739 3934 quanta
747 3870 871 3921 celeritate
880 3877 934 3921 tum
943 3871 1062 3936 imagines
1071 3873 1142 3938 gigni
1150 3890 1220 3937 99999
1229 3874 1337 3937 debent,
1355 3892 1417 3927 cum

184 3981 215 4015 ne
232 3965 313 4016 verbis
330 3965 430 4030 quidem
443 3964 548 4027 exprimi
559 3965 648 4027 possit,
662 3970 755 4029 quanto
766 3966 874 4016 nubibus
885 3967 935 4017 sint
945 3969 1076 4017 tenuiores.
1095 3969 1168 4018 Patet
1178 3985 1236 4033 ergo
1248 3974 1304 4034 9991
1313 3987 1351 4020 vs.
1368 3973 1416 4024 176

184 4058 303 4108 excidisse
321 4075 398 4107 unum
414 4074 512 4108 versum
528 4057 720 4121 exprimentem,
739 4076 812 4124 quam
829 4060 897 4110 facili
914 4066 939 4111 91
950 4061 1023 4111 celeri
1034 4061 1128 4112 ratione
1141 4061 1282 4126 gignantur.
1308 4063 1415 4115 Lachm.

185 4151 359 4203 animadvertit
377 4170 413 4203 vs.
434 4154 479 4206 174
496 4154 526 4202 de
544 4156 647 4216 irrupisse
659 4153 719 4217 agi,
739 4154 849 4207 176-78
861 4155 1052 4217 decimodecino,
1070 4161 1095 4206 91
1105 4173 1142 4207 vs.
1157 4159 1202 4210 179
1215 4160 1320 4218 (tendat,
1342 4161 1415 4209 codd.

185 4247 271 4312 tendit)
288 4249 319 4296 cd
335 4263 421 4298 vocem
437 4251 513 4310 imago
530 4263 567 4296 vs.
587 4249 632 4299 174
650 4248 804 4297 referendum
816 4265 868 4298 esse
879 4254 904 4298 91
914 4254 970 4314 post
977 4249 1050 4299 illum
1058 4267 1158 4300 versum
1166 4251 1346 4302 collocandum.
1365 4253 1417 4304 Sed

184 4341 315 4391 discrimen
332 4343 398 4406 quod
422 4343 523 4393 Lachm.
549 4343 620 4406 ponit
644 4343 710 4394 inter
735 4343 855 4408 imagines
872 4350 896 4394 91
913 4344 1044 4394 simulacre
1060 4351 1098 4396 991
1115 4345 1315 4396 commenticium
1334 4353 1359 4398 91
1376 4366 1414 4399 vs.

188 4437 232 4489 179
250 4454 279 4487 99
295 4437 368 4497 1999,
385 4437 430 4486 ubi
445 4438 472 4486 in
489 4439 558 4487 codd.
576 4438 671 4502 positus
688 4445 741 4501 est,
759 4440 818 4489 ferri
827 4446 923 4503 potest,
941 4442 1013 4491 modo
1026 4444 1123 4490 tendant
1134 4441 1237 4506 legatur.
1251 4470 1282 4478 —
1294 4442 1414 4505 Nexum,

185 4548 258 4596 quem
270 4548 344 4596 supra
356 4531 464 4594 conieci,
483 4534 586 4583 defendo
603 4533 677 4583 etiam
694 4540 824 4599 postquam
841 4535 955 4600 Briegen'
972 4535 1112 4599 opinionem
1128 4537 1179 4601 legi
1191 4537 1218 4586 in
1229 4537 1295 4586 Phil.
1309 4539 1412 4589 nXIx.

184 4643 208 4691 p.
222 4632 284 4688 423,
302 4644 358 4676 cum
370 4626 477 4677 Christio
494 4628 616 4678 censentis
633 4645 669 4680 vs.
690 4633 816 4677 129-142
833 4635 889 4692 post
907 4633 952 4678 199
969 4613 1122 4681 collocandos
1139 4648 1199 4682 9999.
