3196 5160
750 593 851 666 VIII.

226 785 321 870 Dicg.
344 785 442 850 [ποθή
460 784 514 869 X,
538 787 599 850 63:
624 785 706 852 οὕτω
728 786 790 873 γὰρ
817 787 837 878 ἡ
854 783 1051 873 βεβαιοτάτη
1076 789 1182 862 πέστις
1197 785 1302 870 ἔσται,
1319 787 1400 864 ὅτιὴ

183 936 272 1021 ψυχὴ
298 931 386 1018 σῶμᾶ
407 936 470 1000 ἐστι
492 932 695 1018 λεπτομερές,
709 934 783 1020 παρ’
807 933 888 1000 ὅλον
903 935 939 999 τὸ
957 933 1115 1020 ἄθροισμα
1127 937 1400 1020 παρεσπαρμένον,

181 1084 488 1169 προςεμφερέστατον
533 1079 565 1148 δὲ
603 1084 752 1165 πνεύματι
789 1086 907 1166 θερμοῦ
943 1110 1011 1147 τινα
1048 1087 1158 1167 κρᾶσιν
1184 1082 1312 1169 ἔχοντι,
1352 1087 1401 1148 καὶ

183 1239 225 1304 πῆ
246 1234 302 1313 μὲν
324 1231 424 1316 τούτῳ
445 1231 674 1315 προςεμφερές,
705 1239 748 1305 πῆ
775 1225 801 1295 δ’
817 1231 935 1315 ἐκείνῳ.
951 1227 1015 1294 ἔστι
1041 1225 1072 1296 δὲ
1099 1230 1136 1294 τὸ
1162 1232 1258 1315 μέρος
1271 1228 1402 1308 πολλὴν

183 1375 396 1462 παραλλαγὴν
429 1375 559 1461 εἰληφὸς
588 1374 846 1462 τῇλεπτομερεέρ
872 1379 921 1440 καὶ
948 1375 1052 1441 αὐτῶν
1078 1377 1212 1455 τούτων,
1240 1380 1402 1460 συμπαθὲς

184 1521 215 1590 δὲ
241 1525 341 1610 τούτῳ
355 1522 484 1607 μᾶλλον
510 1527 558 1588 καὶ
584 1527 628 1608 τῷ
658 1521 764 1608 λοιπῷ
790 1523 987 1608 ἀθροίσματι.

225 1670 335 1754 Lege:
363 1671 672 1756 προςεμφερέστατον
695 1665 727 1734 δὲ
752 1670 903 1752 πνεῦματι
925 1673 1044 1755 θερμοῦ
1064 1697 1134 1734 τινα
1158 1673 1269 1756 κρᾶσιν
1294 1668 1410 1758 ἔχοντι·

184 1823 234 1884 καὶ
269 1817 360 1905 ἆέρος
394 1826 436 1893 πῆ
465 1821 522 1900 μὲν
553 1819 654 1902 τούτῳ
677 1820 915 1902 προςεμφεροῦς
954 1824 997 1892 πῆ
1032 1812 1174 1904 δ’ἐκεένιρ
1194 1863 1203 1882 .
1226 1815 1290 1882 ’έστι
1317 1812 1350 1883 δέ
1371 1843 1400 1883 τι

182 1968 276 2050 μέρος
299 1993 325 2030 κ.
352 1993 379 2028 τ.
398 1963 431 2028 λ.

760 2080 824 2153 ΙΧ.

226 2271 357 2358 Epicuri
379 2271 453 2336 Rat.
479 2270 567 2336 Seni·
590 2258 710 2336 XXIII
733 2269 822 2351 (edit.
838 2270 980 2355 Cobet.):
1004 2274 1040 2338 τὸ
1057 2272 1232 2359 ὑφεστηκὸς
1248 2269 1294 2339 δεῖ
1308 2273 1402 2353 τέλος

183 2421 370 2508 λογίζεσθαι
386 2427 448 2488 -καὶ
480 2427 585 2488 πᾶσαν
607 2425 665 2499 τὴν
688 2424 869 2509 ἐνάργειαν,
891 2423 936 2508 ἐφ’
959 2420 999 2498 ἣν
1020 2423 1058 2487 τὰ
1075 2420 1272 2506 δοξαζόμενα
1284 2424 1402 2511 ἀνάγο-

182 2591 261 2654 μεν·
278 2573 302 2635 εἰ
325 2567 357 2636 δὲ
378 2573 442 2649 μή,
465 2569 558 2636 πάντ’
582 2569 724 2655 ἀκρισίας
747 2574 796 2636 καὶ
819 2578 960 2656 ταραχῆς
983 2569 1067 2634 ’ἔσται
1089 2566 1195 2650 μεστά.

226 2719 308 2782 DcIc
337 2717 429 2797 τέλος
448 2765 455 2782 .
474 2716 582 2802 Lege:
610 2717 686 2784 κατὰ
715 2721 822 2784 πᾶσαν
850 2752 895 2766 -
916 2753 960 2766 -
982 2714 1140 2801 ἀνάξομεν
1164 2753 1204 2763 -
1227 2752 1271 2766 -
1301 2763 1308 2779 .

764 2955 813 3029 Χ.

225 3149 341 3213 Merito
355 3147 508 3234 Epicurei
521 3150 579 3225 τὴν
596 3145 788 3223 διαλεκτικὴν
805 3146 849 3221 ὡς
865 3146 1086 3232 παρέλκουσαν
1102 3141 1401 3230 ιἰποδοκιμάζουσιν.

910 3292 1016 3378 (Diog.
1041 3292 1149 3357 Laert.
1173 3291 1228 3375 X,
1252 3291 1315 3376 31.)

755 3501 824 3573 XI.

226 3696 380 3781 Dialogus
403 3694 442 3759 dc
464 3693 650 3760 Oratoribus
672 3691 820 3757 Tacitum
842 3695 1006 3756 auctorem
1028 3687 1149 3753 habere
1171 3710 1235 3753 non
1257 3693 1374 3775 potest.

750 3932 834 4006 XII.

228 4127 431 4216 Thucydides
459 4126 494 4191 in
527 4123 684 4211 exemplis
716 4123 881 4212 ἀκρισίας,
914 4142 996 4209 quae
1028 4121 1149 4208 profert
1181 4119 1209 4185 Ι.
1240 4122 1304 4206 20,
1337 4123 1402 4207 22,

186 4276 313 4364 oblique
336 4275 535 4340 Herodotum
558 4273 668 4359 carpit

734 4478 837 4552 XIII.

230 4644 327 4710 Liber
348 4643 433 4707 VIII
455 4641 585 4727 abipso
607 4637 795 4725 Thucydide
818 4640 867 4701 eet
888 4633 1084 4721 conscriptus
1106 4637 1139 4698 et
1161 4631 1334 4721 perfectus.
