3196 5160
779 250 818 313 72

185 450 304 536 pariter
337 452 424 514 nasci
457 457 490 514 et
524 472 665 516 crescere
700 458 733 515 et
767 471 931 516 senescere
965 452 1110 516 videmus
1139 452 1302 516 animum:
1332 472 1409 536 ergo

184 590 333 632 unacum
349 589 386 632 eo
401 569 511 632 interit
529 575 560 632 ct
576 568 757 632 dissolvitur
777 590 854 650 ,ceu
870 569 988 652 fumus,
1006 570 1039 632 in
1055 570 1135 633 altas
1151 570 1233 634 aeris
1248 570 1364 633 auras”
1379 571 1408 652 ¹).

184 685 274 749 Idem
297 691 520 769 argumentum
543 685 686 748 attulisse
709 686 787 749 alios
810 685 984 770 Epicureos
1015 693 1047 750 et
1071 686 1202 750 fortasse
1231 685 1409 771 Epicurum

183 803 288 888 ipsum
310 810 442 888 apparet
466 824 483 865 e
506 802 590 865 Voll.
615 802 703 866 Hero
726 802 776 866 Vi
799 803 857 866 col.
884 805 900 865 7
926 803 980 865 nbi
999 804 1212 887 fragmentum
1227 803 1410 867 invenimus

184 920 359 984 Metrodori
373 919 569 983 huiusmodi:
587 923 649 985 ἐπεὶ
673 922 736 1006 γὰρ
761 923 779 996 ἡ
802 923 892 1007 ψυχὴ
915 929 1013 1008 μικρῷ
1036 923 1153 1005 σώματι
1177 926 1411 1007 παρατείνουσα

184 1042 259 1103 κατὰ
294 1041 350 1114 τὴν
380 1035 524 1113 παιδικὴν
554 1038 701 1123 (τροφὴ)ν
725 1036 847 1112 αὔξεται
871 1044 903 1100 et
927 1037 1016 1101 Sext.
1041 1038 1135 1123 Emp.
1160 1038 1230 1102 adv.
1253 1037 1409 1101 mathem.

183 1154 243 1218 IX.
268 1156 328 1218 72:
362 1160 410 1220 καὶ
434 1155 503 1220 καθ’
527 1156 623 1231 αὑτὰς
647 1152 678 1220 δὲ
702 1152 879 1236 διαμένουσι
902 1160 949 1219 καὶ
973 1157 1057 1242 οὐχ,
1081 1158 1125 1231 ὡς
1148 1157 1255 1241 ἔλεγεν
1279 1160 1296 1220 ὁ
1317 1156 1410 1229 Ἐπί·

184 1301 319 1359 κουρος,
354 1273 562 1338 ἀπολυθεῖσαι
588 1277 653 1336 τῶν
677 1275 830 1354 σωμάτων
853 1278 974 1338 καπνοῦ
999 1271 1087 1348 δίκην
1112 1271 1301 1339 σκίδνανται.

226 1389 370 1452 Tertium
403 1388 464 1453 hoo
485 1388 577 1451 affert
600 1387 842 1451 documentum:
866 1395 902 1451 ut
925 1410 1039 1474 corpus
1061 1390 1181 1452 morbis
1203 1389 1341 1454 afficitur
1364 1390 1410 1453 sic

182 1507 306 1571 animus
336 1506 419 1570 curis
442 1512 474 1569 et
497 1505 677 1587 doloribus,
712 1505 738 1568 si
761 1526 874 1589 corpus
898 1512 1043 1590 aegrotat
1065 1507 1190 1570 animus
1212 1527 1306 1592 saepe
1332 1506 1411 1570 deli-

181 1630 250 1688 rat:
287 1644 363 1708 ergo
396 1624 538 1687 mortalis
571 1629 641 1706 est,
679 1645 771 1704 „nam
806 1623 894 1687 dolor
928 1645 964 1687 ac
996 1623 1125 1687 morbus
1156 1625 1213 1688 leti
1235 1624 1410 1688 fabricator

181 1740 377 1826 uterquest’‘.
408 1739 530 1803 Eodem
545 1760 673 1824 prorsus
695 1739 788 1802 modo
811 1739 1002 1803 Panaetium
1027 1740 1168 1804 Stoicum
1182 1741 1410 1804 ratiocinatum

181 1878 250 1921 esse
271 1858 416 1921 videmus
439 1877 456 1920 e
480 1857 627 1920 Tulliano
649 1856 739 1920 loco:
764 1860 891 1929 Quaest.
915 1857 1008 1920 Tusa.
1033 1858 1059 1921 I.
1084 1860 1147 1940 32,
1173 1860 1235 1921 79:
1256 1859 1410 1940 „alteram

182 1979 289 2038 autem
312 1973 403 2037 affert
427 1973 625 2054 (Panaetius)
648 1973 825 2055 rationem;
857 1972 939 2035 nihil
962 1993 1053 2055 esse,
1078 1973 1162 2058 quod
1185 1974 1308 2056 doleat,
1333 1975 1411 2061 quin

182 2090 216 2154 id
238 2111 371 2175 aegrum
394 2111 462 2154 esse
485 2110 610 2176 quoque
633 2090 752 2176 possit;
777 2089 860 2175 quod
882 2095 990 2153 autem
1013 2090 1046 2152 in
1069 2090 1215 2154 morbum
1238 2091 1353 2174 cadat,
1377 2091 1411 2155 id

184 2208 281 2272 etiam
304 2209 528 2292 interiturum3
552 2208 659 2272 dolere
682 2213 790 2271 autern
812 2208 953 2291 animos;
978 2228 1054 2291 ergo
1078 2209 1175 2271 etiam
1200 2208 1365 2272 interire.”

225 2324 372 2389 Ebrietas
394 2326 480 2389 idem
503 2325 616 2411 probat
638 2348 712 2389 nam
738 2347 886 2408 „uomens
902 2327 1055 2390 violentia
1071 2327 1159 2389 vini”
1179 2328 1321 2391 animum
1337 2348 1410 2391 eon·

182 2442 307 2507 turbat:
341 2449 374 2507 at
408 2448 434 2506 si
468 2442 649 2508 conturbari
683 2450 806 2528 potest,
837 2444 944 2528 paullo
968 2443 1189 2508 vehementior
1220 2467 1316 2510 causa
1338 2465 1410 2508 eam

183 2560 344 2624 dissolvet.
378 2561 551 2625 Praeterea
574 2561 727 2646 epilepsia
749 2561 834 2624 idem
858 2560 967 2644 dooet;
992 2562 1040 2643 si,
1065 2563 1140 2625 dum
1163 2563 1197 2624 in
1214 2583 1345 2648 corpore
1362 2569 1410 2626 est

183 2685 215 2742 et
249 2679 289 2742 ab
326 2700 363 2743 eo
399 2680 599 2761 continetur,
634 2681 757 2743 animus
779 2680 843 2744 iam
870 2680 915 2743 ita
938 2680 1050 2743 iactari
1074 2686 1107 2743 et
1130 2679 1262 2744 distrahi
1285 2687 1409 2766 potest,

183 2797 237 2880 qui
260 2797 293 2859 in
316 2817 389 2862 aere
412 2803 522 2882 aperto
546 2818 618 2860 oum
641 2797 754 2860 validis
777 2797 881 2860 ventis
904 2818 1047 2882 pugnare
1071 2798 1215 2882 poterit?
1260 2798 1410 2884 Denique

182 2913 350 2977 medicinis
382 2920 523 2978 mentem
557 2914 661 2978 sanari
690 2936 782 3000 posse
805 2914 971 2997 videmus,
1002 2915 1086 3000 quod
1109 2916 1222 3000 probat
1246 2937 1317 2979 eam
1340 2938 1410 2980 mu-

182 3031 313 3094 tabilem
337 3051 426 3094 esse:
452 3031 507 3094 sed
530 3031 556 3094 si
578 3031 695 3095 mutari
717 3036 843 3116 potest,
867 3032 1010 3096 mortalis
1035 3038 1100 3114 est,
1124 3054 1198 3095 narn
1215 3033 1410 3119 „quodcum-

183 3168 244 3232 que
280 3148 344 3211 suis
366 3154 525 3236 mutatum
551 3149 667 3212 finibus
691 3150 759 3212 exit
782 3152 930 3214 continuo
953 3150 1013 3215 hoc
1036 3172 1122 3214 mors
1145 3158 1193 3214 est
1215 3152 1301 3214 illius
1324 3153 1412 3238 quod

182 3263 242 3327 fuit
276 3265 370 3328 ante”
385 3261 419 3343 2).
465 3266 556 3330 Haeo
591 3267 697 3331 omnia
730 3273 762 3330 et
796 3288 876 3353 qnae
900 3255 1094 3353 sequuntur,
1129 3290 1245 3354 nempe
1268 3271 1411 3333 animam

182 3382 349 3445 mortalem
381 3403 471 3466 esse,
507 3385 656 3469 quoniam
689 3384 833 3448 homines
856 3385 1056 3452 membratim
1080 3387 1211 3449 vitalem
1234 3386 1411 3471 deperdere

183 3519 311 3562 sensum
322 3500 469 3564 videmus
481 3507 513 3564 et
526 3502 650 3565 animus
663 3523 738 3587 ergo
752 3502 844 3565 simul
857 3501 1018 3565 scindatur
1026 3524 1155 3566 necesse
1165 3509 1213 3566 est
1221 3500 1301 3587 3),-
1314 3525 1411 3588 porro

181 3617 324 3681 animum
347 3617 493 3702 interire,
518 3641 590 3682 curn
612 3618 749 3684 hominis
772 3641 844 3705 pars
868 3620 909 3683 sit
932 3626 964 3682 et
987 3626 1093 3704 partes
1115 3642 1173 3706 per
1196 3642 1228 3684 se
1252 3642 1321 3684 esse
1345 3644 1412 3685 non

182 3735 305 3818 possint
328 3758 347 3799 a
371 3741 438 3799 toto
455 3735 618 3820 divulsae,
642 3759 776 3822 eumque
792 3737 846 3819 id,
871 3737 953 3823 quod
969 3737 1083 3820 modo,
1108 3739 1183 3800 dum
1199 3744 1267 3801 arto
1284 3759 1412 3802 conexu

183 3873 254 3915 cum
271 3875 402 3939 corpore
419 3861 503 3918 esset
519 3861 726 3937 contextum,
749 3862 876 3938 ageret,
903 3861 995 3919 extra
1008 3877 1120 3940 corpus
1135 3856 1244 3919 vivere
1259 3878 1322 3919 non
1339 3878 1411 3942 pos·

183 3967 224 4030 sit
237 3967 281 4052 4),
314 4008 354 4015 —
390 3971 469 4035 haec
492 3973 599 4036 omnia
620 3972 798 4036 necessario
828 3973 978 4058 consequi
1001 3993 1043 4036 ex
1066 3979 1134 4036 arto
1157 3974 1300 4056 vinou10,
1325 3974 1412 4058 quod

184 4182 378 4192 ——-.

215 4272 235 4342 1)
270 4281 407 4327 ris-rsa.

214 4373 235 4438 ²)
270 4376 408 4422 rsa-aaa.

214 4467 234 4533 3)
270 4471 389 4516 saa-45.

214 4565 234 4627 ⁴)
268 4566 388 4618 art-ts.
