3196 5160
745 239 786 302 95

156 438 202 524 pli
239 439 364 524 gratia,
403 445 476 504 sunt
511 461 620 504 corum
655 440 844 524 simulacra,
891 463 1043 527 ,quorum
1070 447 1172 506 morte
1206 442 1293 507 obita
1327 444 1386 508 tel-

156 556 206 619 lus
235 556 439 641 amplectitur
468 558 580 640 ossa”;
616 558 704 620 tertii
740 557 972 622 Centaurorum
1007 565 1039 621 et
1071 558 1250 643 Scyllarum
1275 559 1386 645 imagi-

157 693 235 736 nes:
267 671 329 737 hae
362 679 541 758 postremae
572 673 675 738 factae
707 681 781 739 sunt
809 675 994 761 epartibus
1021 677 1162 761 plurium
1187 678 1383 763 imaginum,

157 811 238 876 quae
271 797 402 876 propter
435 813 525 855 suam
559 792 750 856 tenuitatem
784 792 877 856 facile
904 793 989 856 inter
1020 814 1054 856 se
1088 794 1274 878 iunguntur.
1322 796 1386 860 Sed

160 909 267 990 ,nulla
292 908 353 972 fuit
376 909 526 993 quoniam
549 909 623 972 talis
645 916 760 974 natura
782 911 948 974 animalis”
974 911 1100 975 criterio
1116 912 1208 975 nobis
1223 934 1302 998 opus
1317 919 1382 996 est,

156 1030 192 1088 ut
214 1025 248 1088 in
271 1024 310 1087 iis
334 1046 458 1111 quoque
481 1026 652 1090 veritatem
675 1026 715 1091 ab
739 1027 827 1092 inani
851 1034 883 1091 et
905 1027 984 1092 falso
1007 1050 1219 1093 secernamus.
1265 1030 1386 1094 Lucre-

156 1141 220 1204 tius
242 1140 303 1205 hoc
325 1143 490 1206 criterium
513 1143 547 1206 in
570 1143 715 1208 sensibus
739 1150 771 1207 et
794 1150 838 1231 πρ
863 1145 1085 1226 „meminisse”
1111 1148 1238 1233 (μνήμη)
1262 1149 1385 1232 posuit:

159 1258 237 1340 „hoo
264 1259 336 1324 ideo
370 1260 438 1324 fieri
462 1261 548 1345 cogit
570 1267 706 1344 natura,
741 1262 826 1347 quod
849 1284 958 1326 omnes
981 1264 1120 1349 eorporis
1144 1264 1249 1328 offecti
1273 1286 1384 1330 sensus

155 1397 214 1462 per
235 1377 379 1442 membra
402 1379 569 1464 quiescunt
592 1399 651 1442 nec
674 1385 807 1464 possunt
830 1380 944 1444 falsum
967 1381 1051 1444 veris
1066 1382 1254 1446 convincere
1270 1382 1386 1466 rebus,

155 1502 323 1581 praeterea
353 1497 536 1560 meminisse
574 1497 657 1561 iacet
685 1499 881 1584 languetque
905 1499 1038 1584 sopore”
1053 1501 1085 1582 ¹).
1132 1500 1250 1563 Sensus
1272 1501 1383 1585 procul

156 1613 252 1678 dubio
286 1613 339 1677 hic
370 1614 550 1698 significare
585 1614 680 1679 debet
710 1615 895 1679 facultatem
927 1617 1085 1680 sentiendi
1109 1623 1141 1680 et
1165 1617 1385 1702 discernendi,

158 1752 234 1815 ergo
265 1732 407 1795 animum
437 1732 504 1795 sive
532 1733 698 1795 rationem.
745 1732 826 1797 Cum
849 1731 1009 1817 Epicurus
1033 1733 1144 1797 doceat
1170 1736 1242 1815 ,triv
1264 1740 1320 1818 μὲν
1342 1738 1384 1818 μὴ

156 1853 390 1936 ἐπιμαρτυρηθῇ
413 1850 431 1925 ἢ
455 1851 721 1936 ἀντιμαρτυρηθῇ,
745 1853 781 1915 τὸ
804 1848 921 1934 ψεῦδος
944 1855 1083 1936 γίνεται·
1107 1853 1161 1916 ἐὰν
1177 1849 1203 1917 δ’
1220 1855 1382 1939 ἐπιμαρτυ·

155 1970 240 2052 paug}
270 1966 289 2042 ἢ
323 1969 364 2050 μὴ
399 1968 669 2054 ἀντιμαρτυρηθῇ,
708 1970 744 2033 τὸ
776 1967 915 2048 ἀληθές,
955 1968 1160 2031 statuendum
1190 1969 1317 2032 videtur
1350 1971 1384 2033 in

155 2083 321 2146 eiusmodi.
336 2083 511 2147 simulacris
535 2105 660 2169 quoque
676 2087 838 2171 πρόληψιν
855 2084 1014 2170 quandam
1029 2085 1120 2149 nobis
1136 2086 1299 2150 criterium
1315 2108 1383 2152 esse

154 2201 300 2291 veritatis
322 2207 377 2265 aut
400 2202 555 2266 fallaciae.
602 2201 683 2266 Oum
706 2203 947 2287 praenotionem
962 2203 1106 2267 centauri
1122 2204 1264 2289 exempli
1281 2206 1384 2288 gratia

154 2318 318 2381 inanimo
342 2339 406 2382 non
428 2317 586 2401 habeam,
610 2317 763 2382 concludo
787 2318 884 2382 etiam
908 2319 934 2382 si
958 2319 1113 2383 eiusmodi
1136 2320 1282 2385 animalis
1304 2323 1383 2386 ima-

154 2435 264 2519 ginem
286 2435 400 2519 video,
425 2442 532 2501 tamen
554 2437 659 2522 ipsum
682 2436 800 2499 animal
822 2457 886 2499 uon
910 2443 1046 2502 exstare.
1079 2438 1295 2524 Perspicuitas
1312 2441 1379 2504 sive

154 2555 298 2639 ἐνάργεια
329 2552 416 2616 hisce
440 2554 616 2617 simulacris
639 2553 737 2616 deest.
784 2553 902 2627 Quaeri
925 2560 1029 2617 tamen
1052 2561 1157 2640 potest
1179 2578 1257 2620 num
1273 2557 1383 2622 crebro

114 2655 116 2659 ¹
154 2676 188 2733 et
222 2672 358 2756 repetito
392 2672 464 2735 visu
497 2672 640 2736 centauri
671 2671 840 2756 imaginis,
875 2672 943 2736 eius
978 2673 1124 2737 animalis
1161 2675 1324 2760 πρόληψις
1349 2675 1382 2739 in

153 2788 260 2852 animo
295 2789 370 2852 oriri
404 2811 468 2853 non
503 2791 622 2875 possit,
658 2789 770 2853 eodem
800 2789 893 2853 modo
924 2796 1019 2876 atque
1052 2791 1134 2855 aliae
1159 2794 1381 2877 praenotiones

155 2905 306 2969 oriantur.
352 2905 504 2991 Epicurei
527 2913 652 2971 tantum
674 2907 868 2992 respondent
892 2907 1047 2971 eiusmodi
1070 2908 1239 2973 simulacra
1254 2931 1379 2996 semper

154 3020 305 3106 διάληψιν
335 3024 444 3110 ’έχουσι
473 3025 541 3090 καθ’
566 3023 604 3100 ἣν
627 3027 664 3090 τὸ
687 3022 804 3110 ψεῦδος
827 3029 945 3109 γίνεται
962 3026 1007 3108 2);
1043 3048 1118 3090 usus
1141 3027 1227 3091 vitae
1251 3034 1283 3091 et
1307 3049 1380 3092 con·

154 3139 288 3204 suetudo
312 3162 388 3225 ergo
411 3141 478 3205 sola
501 3141 539 3205 de
562 3142 697 3206 veritate
721 3149 753 3206 et
776 3141 901 3206 fallacia
924 3142 1097 3208 diiudicare
1121 3151 1254 3230 possunt
1275 3167 1380 3232 neque

154 3276 241 3319 error
256 3256 350 3341 plane
366 3261 471 3342 potest
487 3256 625 3320 excludi.
671 3257 826 3321 Omnibus
843 3257 980 3344 denique
995 3261 1160 3344 perpensis
1175 3262 1379 3347 perspicuum

153 3377 202 3435 est
224 3372 380 3458 quomodo
404 3373 543 3437 dubitari
557 3375 716 3459 potuerit,
739 3397 817 3442 uum
831 3375 892 3441 hoc
909 3383 1057 3463 quartum
1073 3378 1236 3442 criterium
1251 3401 1285 3443 re
1303 3401 1380 3444 vera

154 3491 341 3553 eonomine
364 3491 591 3575 appellandum
614 3499 719 3556 esset:
755 3494 1017 3579 perspicuitatem
1039 3496 1234 3581 reliquorum
1258 3496 1378 3560 criteri-

81 3657 84 3661 .
153 3626 244 3669 orum
273 3629 337 3670 non
359 3608 461 3671 solum
485 3607 684 3693 nonhabet,
715 3632 827 3694 verum
850 3611 947 3674 etiam
970 3612 1033 3675 alio
1057 3613 1184 3676 oriterio
1208 3633 1286 3698 opus
1309 3634 1378 3678 esse

152 3722 299 3806 ridetur,
323 3745 384 3809 quc
407 3725 578 3789 veritatem
601 3732 634 3790 et
656 3726 814 3813 fallaciam
838 3749 947 3791 earum
971 3727 1136 3814 ἐπιβολῶν
1160 3735 1378 3815 φανταστικῶν

153 3840 327 3905 diiudicare
351 3843 517 3928 possimus.
563 3843 722 3929 Epicurus
753 3845 787 3907 in
809 3845 996 3928 fragmentis
1019 3845 1110 3909 nobis
1133 3847 1253 3910 relictis
1274 3869 1378 3933 pauca

153 3958 192 4023 de
222 3960 262 4023 iis
292 3960 395 4044 dixit,
431 3983 492 4048 quc
516 3962 635 4026 factum
658 3969 726 4046 est,
748 3969 785 4027 ut
806 3963 908 4027 multa
929 3962 1021 4027 uobis
1045 3964 1108 4027 sint
1131 3963 1282 4048 obscura3
1316 3963 1377 4030 hoo

151 4080 259 4140 tamen
282 4078 358 4141 satis
380 4083 469 4163 patet
493 4100 510 4143 e
533 4079 611 4143 locis
637 4101 734 4164 supra
756 4079 910 4162 laudatis,
942 4099 1015 4143 eum
1038 4080 1142 4165 ipsum
1166 4086 1202 4144 ut
1225 4086 1375 4168 quartum

155 4321 351 4331 ----—--.

184 4475 201 4534 ¹)
235 4474 278 4525 Vs.
297 4476 344 4527 762
361 4490 427 4540 seqq.

183 4569 428 4635 ἺΠΒΧΜ
