3196 5160
765 338 826 401 148

181 563 269 624 mus,
299 540 407 627 plures
441 561 551 604 causas
582 539 815 604 enumerandas
848 561 937 623 esse,
973 562 1107 627 quarum
1130 562 1194 604 una
1216 539 1407 626 plerumque

181 679 257 723 vera
279 678 348 722 esse
372 657 496 721 debeat.
545 657 645 739 ,Sunt
669 657 790 742 aliquot
805 678 930 743 quoque
946 679 997 721 res
1011 708 1019 740 ,
1035 679 1169 744 quarum
1185 679 1283 721 unam
1299 657 1408 720 dicere

182 796 310 840 causam
333 797 397 839 non
420 775 496 839 satis
519 781 590 858 est,
613 795 725 838 verum
748 775 869 859 pluris,
893 775 977 838 unde
1000 798 1065 839 una
1081 764 1189 840 tamen
1205 775 1267 859 sit,
1291 796 1410 861 corpus

182 900 219 958 ut
241 895 426 960 exanimum
450 894 475 957 si
499 892 584 980 quod
605 895 717 978 procul
739 894 807 979 ipse
830 893 933 957 iacere
949 894 1124 979 conspicias
1139 893 1294 976 hominis,
1317 893 1356 956 fit
1372 898 1410 956 ut

182 1011 283 1074 omnis
313 1010 419 1074 dicere
450 1031 560 1073 causas
592 1010 763 1073 conveniat
792 1009 869 1090 leti,
902 1008 1024 1072 dicatur
1054 1015 1091 1072 ut
1112 1010 1198 1073 illius
1220 1030 1304 1072 una:
1331 1030 1410 1072 nam

182 1147 287 1212 neque
322 1147 396 1190 eum
425 1126 509 1190 ferro
543 1147 602 1189 nec
636 1127 753 1210 frigore
783 1127 910 1191 vincere
944 1128 1046 1212 possis
1079 1128 1237 1191 interiisse
1260 1148 1368 1213 neque
1391 1150 1412 1192 a

182 1243 292 1307 morbo
327 1264 431 1330 neque
461 1243 542 1307 forte
576 1265 722 1327 veneno,
756 1265 867 1307 verum
899 1245 1019 1329 aliquid
1049 1265 1166 1328 genere
1190 1265 1258 1308 esse
1281 1265 1325 1307 ex
1349 1244 1412 1308 hoc

186 1361 271 1447 quod
304 1361 438 1445 contigit
460 1362 490 1424 ei
513 1361 629 1424 scimus
653 1410 659 1423 .
694 1362 772 1425 item
795 1362 829 1423 in
850 1361 960 1424 multis
982 1360 1041 1424 hoc
1064 1361 1158 1424 rebus
1182 1361 1286 1424 dicere
1309 1360 1412 1424 habe-

183 1481 273 1542 mus'’
290 1479 326 1561 ¹).
370 1478 461 1542 Idem
484 1478 642 1564 Epicurus
655 1480 698 1561 2);
722 1485 770 1544 καὶ
794 1481 829 1545 τὸ
853 1480 934 1545 όλον
959 1527 1191 1541 ........
1214 1478 1414 1565 πλεοναχῶς

181 1599 325 1680 γίνεσθαι
347 1595 451 1681 λέγειν
474 1596 642 1661 ἐκκαλεῖται
667 1595 707 1660 τό
732 1597 924 1680 φαινόμενα,
953 1594 1163 1680 „persuadent
1185 1594 1414 1680 phaenomena

182 1717 219 1775 ut
242 1711 376 1775 eandem
398 1732 466 1775 rem
490 1712 587 1775 variis
604 1690 712 1775 ⁴modis
734 1712 803 1774 fieri
826 1711 999 1775 dicamus”.

228 1829 325 1892 Initio
359 1828 432 1891 libri
467 1829 570 1914 quinti
600 1829 664 1892 iam
686 1828 822 1892 vidimus
845 1829 1032 1892 Lucretium
1054 1829 1214 1892 interdum
1238 1829 1271 1890 in
1296 1829 1413 1922 ordine

186 1947 336 2011 carminis
363 1947 503 2031 partium
525 1969 545 2010 a
565 1947 635 2029 via,
666 1969 760 2032 quam
783 1947 863 2010 ratio
886 1947 1101 2032 praescribere
1125 1947 1215 2010 nobis
1237 1946 1411 2030 videatur,

183 2064 368 2146 aberrasse,
393 2086 464 2127 cum
486 2064 645 2150 Epicurus
667 2065 702 2128 in
724 2066 865 2150 epistolis
888 2087 1013 2151 semper
1036 2087 1109 2129 eum
1126 2065 1268 2129 ordinem
1284 2071 1412 2148 servet,

186 2203 281 2268 quem
313 2182 474 2246 doctrinae
505 2182 585 2246 ratio
608 2188 726 2267 poscat.
771 2183 875 2246 Multo
897 2183 999 2266 magis
1021 2183 1054 2245 in
1075 2183 1156 2246 libro
1179 2183 1228 2246 VI
1249 2182 1336 2246 iusta
1359 2204 1413 2247 co-

185 2297 351 2363 haerentia
386 2299 604 2381 desideratur,
638 2299 712 2362 dum
743 2305 838 2384 poeta
861 2299 1081 2385 phaenomena
1103 2301 1222 2385 aliquot
1245 2301 1412 2386 explicat,

190 2437 271 2501 quae
296 2417 383 2480 nullo
405 2417 583 2500 iunguntur
605 2416 754 2499 vinculo,
778 2423 809 2480 et
832 2417 947 2502 quibus
969 2416 1002 2479 id
1024 2423 1149 2481 tantum
1172 2437 1339 2480 commune
1360 2422 1412 2481 cst

186 2532 272 2596 inter
305 2554 359 2616 se,
393 2533 477 2620 quod
510 2554 661 2618 perversa
695 2555 804 2597 eorum
834 2523 1005 2619 explicatio
1028 2532 1139 2598 falsam
1162 2535 1345 2619 opinionem
1369 2533 1411 2598 de

186 2649 294 2714 divina
317 2627 452 2736 quadam
474 2657 631 2735 potestate
653 2651 687 2713 in
710 2650 874 2715 hominum
897 2651 1010 2715 animis
1027 2658 1205 2736 susceptam
1220 2651 1410 2716 confirmare

186 2767 294 2852 possit.
338 2767 397 2831 Est
427 2773 555 2851 tamen,
589 2769 645 2832 ubi
679 2768 754 2833 ordo
777 2791 883 2832 rerum
907 2769 1012 2852 specie
1035 2770 1257 2854 potiusquam
1280 2789 1314 2831 re
1337 2769 1412 2854 ipsa

186 2883 348 2966 turbetur,
371 2885 472 2947 veluti
495 2885 530 2947 in
552 2905 591 2948 ea
612 2891 713 2969 parte,
737 2906 817 2970 quae
842 2885 880 2948 de
903 2885 1040 2948 nubibus
1063 2885 1130 2968 agit
1153 2890 1186 2947 et
1208 2885 1350 2966 tonitru,
1375 2885 1412 2948 in

186 3020 247 3084 quo
282 3020 346 3062 non
380 3000 507 3084 quidem
540 3000 683 3064 ordinem
714 3008 840 3066 secutus
863 3008 932 3083 est,
957 3023 1051 3089 quem
1081 3001 1301 3087 philosophiae
1324 3003 1410 3067 ratio

187 3116 449 3199 commendabat,
474 3118 530 3181 sed
552 3119 606 3203 qui
629 3119 662 3180 in
686 3119 824 3182 carmine
847 3119 1074 3211 praeferendus
1096 3119 1279 3183 videbatur:
1312 3127 1413 3204 poeta

187 3233 275 3297 enim
298 3239 420 3297 certum
443 3235 539 3298 finem
563 3236 795 3321 assequendum
818 3237 877 3300 sibi
900 3238 1067 3322 proponit,
1091 3243 1128 3300 ut
1150 3237 1413 3322 superstitionem

186 3352 338 3436 expellat.
384 3351 431 3416 Ut
453 3351 537 3416 hunc
560 3353 656 3416 finem
679 3360 910 3439 consequatur,
935 3355 1013 3418 alias
1035 3355 1103 3418 vias
1127 3375 1220 3439 saepe
1243 3355 1332 3418 ineat
1355 3377 1413 3420 ne·

186 3489 273 3532 cesse
308 3475 376 3552 est,
412 3491 506 3554 quam
539 3456 746 3555 philosophus
779 3471 884 3535 iniret.
930 3471 1087 3556 Epicurus
1119 3471 1157 3535 de
1180 3472 1319 3536 nubibus
1341 3474 1414 3558 agit

187 3592 358 3671 antequam
390 3588 445 3672 qui
468 3587 608 3650 tonitrua
629 3588 707 3651 fiant
731 3589 869 3673 explicet
886 3589 925 3672 ³);
956 3611 1028 3651 cum
1051 3589 1224 3653 secundum
1246 3589 1315 3653 eius
1339 3589 1415 3656 doc·

185 3703 323 3785 trinam,
346 3703 447 3767 nubes
469 3705 609 3769 tonitrua
632 3705 779 3769 efficiant.
825 3706 993 3769 Lucretius
1012 3712 1120 3770 autem
1136 3707 1274 3791 primum
1289 3708 1416 3773 tonitru

188 3819 345 3904 explicat:
372 3819 545 3905 ,principio
569 3821 689 3886 tonitru
711 3822 897 3907 quatiuntur
920 3823 1047 3887 caerula
1070 3823 1171 3887 caeli''
1195 3829 1269 3888 cett.
1285 3823 1330 3906 4),
1356 3826 1417 3890 sed

221 4095 241 4160 ι)
274 4096 317 4146 Vs.
336 4098 471 4150 703-711.
1386 4152 1388 4156 .

219 4187 240 4252 2)
274 4189 307 4238 D.
324 4191 353 4240 L.
371 4191 403 4240 X.
424 4194 468 4239 100
485 4191 512 4240 in
528 4191 585 4240 fine.
619 4191 657 4242 ef.
677 4196 739 4242 113:
758 4198 787 4246 τό
805 4193 829 4244 δὲ
847 4192 908 4255 μίαν
926 4194 1011 4245 αἰτίαν
1028 4195 1126 4246 τούτων
1143 4194 1308 4257 ἀποδιδόναι,
1334 4206 1423 4252 πλεο·

188 4287 275 4347 ναχῶς
292 4289 344 4334 τῶν
360 4287 517 4349 φαινομένων
534 4287 739 4350 ἐκκαλουμένων,
757 4293 864 4352 μανικόν
881 4291 922 4339 καί
939 4291 970 4340 οὐ
987 4291 1152 4349 καθηκόντως
1169 4294 1350 4355 πραττόμενον
1363 4292 1425 4348 ὑπὸ

189 4383 240 4427 τῶν
258 4378 306 4436 τὴν
322 4377 434 4440 ματαίαν
452 4381 624 4446 ἀστρολογίαν
641 4382 805 4442 ἐζηλωκότων
822 4386 864 4432 καί
882 4383 915 4441 είς
933 4383 987 4448 [τὸ]
1006 4386 1078 4433 κενὸν
1090 4382 1174 4442 αἰτίας
1187 4390 1263 4435 τινῶν
1275 4361 1429 4441 ἀποδιδόν-

189 4490 255 4533 των,
273 4473 336 4522 όταν
355 4473 434 4536 (ὅπως
450 4475 482 4523 ἂν
495 4474 515 4539 i)
535 4477 584 4535 τὴν
600 4478 673 4527 θείαν
689 4478 765 4540 φύσιν
781 4477 883 4542 μηδαμῆ
901 4480 1065 4544 λειτουργιῶν
1083 4479 1221 4530 ἀπολύωσι.

221 4566 466 4631 ἣΠΒΚἈ

221 4660 242 4726 4)
277 4661 319 4712 Vs.
338 4665 377 4712 96.
