3196 5160
775 266 817 329 30

181 468 240 533 hoc
273 489 386 532 revera
416 468 527 532 fecisse
558 468 660 532 multa
681 468 773 532 nobis
796 467 999 554 persuadent.
1045 468 1130 532 Nam
1152 489 1234 553 quae
1259 467 1298 532 de
1321 467 1411 532 Aua·

181 608 321 671 xagorae
344 587 464 672 profert
486 587 645 669 doctrina,
679 607 753 650 eum
777 586 921 650 docuisse
945 607 1015 649 esse
1037 583 1296 649 homoeomerian
1320 591 1352 649 et
1375 585 1411 647 in

182 704 328 768 omnibus
350 704 446 767 rebus
470 704 576 768 omnia
598 704 725 785 inesse,
757 703 912 767 eiusmodi
936 708 1033 784 sunt,
1056 707 1093 766 ut
1115 703 1225 788 procul
1249 702 1344 766 dubio
1368 701 1410 766 ab

181 823 250 907 ipso
281 821 419 907 Epicuro
450 822 513 885 sint
546 827 695 886 tractata.
736 821 858 902 Porrc,
893 827 929 884 ut
959 821 1131 904 magister,
1163 821 1207 884 sic
1231 819 1407 904 discipulus

183 958 330 1024 quoque,
364 959 427 1001 non
450 960 552 1023 pauca
575 959 617 1001 ex
640 937 855 1022 Anaxagorae
878 943 986 1002 mente
1010 938 1093 1001 dixit
1109 937 1140 1020 ¹).
1186 937 1251 1002 Sed
1272 938 1306 1000 ni
1328 937 1411 1002 falli-

182 1077 273 1139 mur,
302 1056 452 1120 audacius
475 1057 539 1120 iarn
562 1056 637 1119 licet
660 1057 836 1142 loquamur.
882 1056 935 1120 Ex
957 1057 1036 1142 ipsis
1058 1057 1143 1119 enim
1166 1061 1279 1142 poetae
1303 1056 1411 1120 verbis

182 1174 271 1258 sequi
304 1173 396 1237 nobis
427 1173 554 1236 videtur
585 1194 658 1236 eum
686 1173 901 1258 Anaxagorae
923 1174 1040 1237 librum
1062 1174 1273 1257 conlegisse.
1318 1173 1411 1236 inter

181 1289 433 1355 homoeomerian
449 1291 534 1354 enirn
551 1297 717 1355 enumerat
733 1293 828 1374 (840,
852 1293 891 1354 41
908 1340 915 1373 ,
941 1294 1002 1374 67,
1028 1294 1079 1373 ll)
1095 1297 1213 1356 terram
1230 1297 1262 1355 et
1277 1291 1410 1376 ignem,

182 1428 254 1470 cum
278 1412 386 1470 tamen
408 1406 599 1470 Aristoteles
622 1407 744 1471 duobus
767 1407 861 1489 locis,
885 1407 941 1470 ubi
964 1429 1038 1471 eum
1062 1406 1234 1492 diligenter
1249 1407 1337 1493 loqui
1355 1428 1411 1471 ne·

182 1545 258 1608 gare
284 1546 349 1589 non
371 1525 556 1609 possumus,
582 1525 731 1610 quoniam
740 1525 956 1609 Anaxagorae
970 1532 1002 1589 et
1014 1525 1218 1610 Empedoclis
1232 1525 1412 1589 doctrinam

181 1642 265 1705 inter
277 1662 310 1705 se
324 1641 472 1726 opponit,
485 1641 638 1724 affirmet,
658 1642 748 1705 illurn
772 1642 851 1706 haec
875 1642 937 1706 duo
960 1643 1044 1706 inter
1068 1647 1203 1708 odotem
1219 1643 1360 1728 posuisse
1371 1641 1412 1725 ²).

181 1759 228 1823 At
262 1759 359 1822 etiam
390 1758 416 1822 si
446 1758 505 1822 hoc
528 1758 661 1823 fortasse
685 1759 788 1824 dubiis
812 1760 986 1823 obnoxium
1010 1781 1079 1824 esse
1102 1766 1230 1846 posset,
1264 1765 1413 1824 constare

182 1882 291 1940 tamen
313 1876 461 1958 videtur,
485 1896 597 1939 vocem
613 1881 822 1963 ὁμοιομέρεια,
839 1899 901 1962 qua
917 1877 1091 1941 similitudo
1113 1878 1254 1941 omnium
1270 1877 1414 1963 partium

184 1994 217 2056 in
240 1992 335 2056 rebus
358 1993 556 2078 simplicibus
579 1994 792 2078 exprimitur,
816 2016 880 2058 non
897 1995 987 2080 ipsae
1003 1995 1101 2059 atomi
1118 1995 1212 2079 (apud
1224 1995 1415 2058 Lucretium

182 2110 312 2197 quidem
330 2117 363 2174 et
376 2111 578 2196 Epicurum),
602 2132 683 2196 quae
696 2118 803 2175 tamen
816 2132 881 2175 vox
893 2134 912 2176 a
924 2118 1020 2197 poeta
1035 2112 1249 2197 Anaxagorae
1265 2113 1414 2177 attribui-

182 2235 235 2293 tur
258 2230 294 2311 (Ι.
321 2251 367 2293 vs.
382 2230 478 2312 834),
502 2229 542 2292 ab
559 2250 596 2293 eo
612 2251 775 2315 nunquam
790 2238 975 2316 usurpatam
991 2251 1060 2295 esse
1073 2230 1116 2313 ³),
1133 2253 1205 2294 cum
1220 2236 1344 2316 partes,
1359 2252 1415 2296 res

186 2415 380 2422 -—-—--—---

215 2510 232 2567 1)
268 2510 304 2560 cf.
324 2510 407 2559 Munr.
426 2511 457 2558 ad
475 2510 520 2570 H,
544 2527 582 2559 vs.
605 2512 660 2558 991.
695 2509 745 2560 Hic
761 2509 801 2559 vir
818 2511 904 2560 doctus
920 2515 993 2574 putat
1011 2509 1052 2574 (ad
1070 2511 1098 2571 Ι,
1117 2511 1173 2576 834)
1204 2509 1348 2560 Lucretium
1366 2526 1413 2572 ea,

181 2620 244 2669 quae
270 2605 300 2654 de
326 2606 474 2668 Anaxagora
495 2605 568 2665 dicit,
587 2605 618 2653 ab
635 2604 689 2667 ipso
705 2611 731 2654 ct
746 2604 777 2654 ab
795 2605 903 2669 Epicuro
919 2610 1062 2655 mutuatum
1079 2621 1148 2666 esse,
1166 2620 1316 2669 quamquam
1332 2603 1412 2656 huius

181 2699 307 2763 opinionis
324 2699 432 2763 priorem
449 2705 543 2763 partem
560 2716 610 2750 non
626 2699 722 2763 probat.

214 2797 234 2859 ²)
271 2795 308 2844 cf.
327 2795 408 2845 Zeller
425 2795 454 2856 I,
473 2800 500 2845 4²
517 2797 555 2845 ed.
573 2811 629 2859 pag.
648 2798 712 2855 876,
730 2800 754 2847 et
771 2796 906 2846 Murrroum
924 2797 956 2846 ad
972 2812 1008 2845 vs.
1028 2796 1054 2857 I,
1073 2799 1129 2846 834.

214 2892 234 2953 3)
268 2889 366 2950 Zeller,
390 2906 446 2954 pag.
464 2891 527 2950 877,
551 2895 601 2940 not.
623 2895 652 2951 l,
678 2890 799 2954 imprimis
820 2907 876 2955 pag.
904 2893 950 2943 879
967 2896 1019 2941 not.
1039 2896 1059 2940 l.
1095 2890 1164 2948 Quae
1190 2891 1272 2942 Munr.
1288 2906 1344 2954 pag.
1364 2893 1411 2939 391

181 2985 253 3035 affert·
277 3001 290 3034 e
317 2985 447 3048 Gomperts
472 2985 590 3038 Zeitschs.
607 2986 650 3035 fiir
667 2987 772 3036 Oesterr.
791 2987 881 3052 Gymn.
900 2987 949 3036 vol.
970 2989 1013 3047 18,
1038 3003 1062 3050 p.
1081 2989 1128 3035 212
1145 2986 1233 3050 fragm.
1251 2989 1282 3046 6,
1305 2985 1364 3034 libri
1382 2988 1413 3035 28

182 3082 239 3143 aspi
257 3080 365 3144 φύσεωςι
392 3083 437 3139 „rt
463 3099 492 3145 γε
517 3084 657 3145 (στοιχεῖον
691 3081 738 3141 ἤδη
763 3083 810 3140 τὴν
836 3082 1006 3145 ὁμοιομέρειαν
1028 3085 1064 3144 τῷ
1081 3080 1223 3147 φαινομένῳ
1241 3081 1411 3146 τεετημένον”

180 3175 328 3233 ostendunt,
357 3173 493 3240 Epicurum
510 3173 557 3224 lroo
574 3173 723 3224 vocabulum
740 3173 768 3223 in
784 3173 905 3238 singulari
922 3191 1024 3224 numero
1041 3192 1186 3238 usurpasse,
1214 3191 1294 3239 neque
1311 3175 1353 3235 id,
1383 3180 1415 3225 ut

181 3268 344 3332 posteriores,
371 3270 402 3317 ad
427 3268 548 3332 principia
573 3268 770 3329 denominanda,
797 3271 839 3318 sed
856 3271 887 3318 ad
904 3269 1050 3334 qualitatem
1067 3271 1191 3334 quandam
1208 3269 1413 3333 exprimendam,

182 3379 257 3428 quam
274 3363 480 3427 significationem
498 3362 663 3423 abstractam,
691 3369 720 3412 ut
737 3363 857 3424 dicimus,
875 3365 1007 3414 Lueretius
1025 3380 1123 3428 quoque
1140 3363 1260 3414 vocabulo
1276 3363 1414 3425 adscribit,

182 3459 204 3508 si
220 3458 280 3523 quid
296 3459 425 3518 videmus,
443 3473 523 3522 neque
540 3463 569 3507 ut
585 3457 666 3507 Zeller
681 3463 753 3521 putat
770 3458 926 3508 collectivam
938 3478 967 3504 =
980 3461 1013 3507 τὰ
1027 3462 1167 3522 ὁμοιομερῆ.
1203 3458 1259 3507 Ηοο
1271 3458 1415 3522 exemplum

181 3560 266 3604 autern
291 3553 411 3603 affirmare
434 3568 514 3602 meam
539 3551 679 3615 opinionem
704 3552 767 3601 mihi
791 3553 897 3602 videtur.
932 3553 1029 3603 Revera
1053 3552 1120 3603 Plut.
1148 3552 1211 3616 plac.
1230 3553 1258 3613 I,
1278 3557 1305 3613 3,
1326 3557 1340 3603 8
1358 3553 1413 3604 ait:

181 3650 234 3701 ἀπὸ
252 3652 296 3700 τοῦ
315 3649 451 3713 adripere
470 3651 501 3698 τὰ
518 3653 581 3712 μέρι)
599 3652 662 3698 εἶναι
679 3650 706 3699 έν
724 3653 756 3714 τῇ
773 3654 854 3715 τροφῇ
872 3654 926 3707 τοῖς
944 3649 1122 3714 γεννωμένοις,
1140 3646 1308 3713 ὁμοιομερείας
1329 3650 1415 3708 αὑτάς

182 3746 300 3806 irritem
328 3744 371 3793 sed
400 3749 486 3793 contra
506 3760 563 3792 eum
579 3743 725 3793 Aristoteles
741 3748 861 3805 testatur,
880 3747 912 3795 τὰ
928 3747 1060 3809 ὁμοιομερῆ
1078 3745 1245 3809 (ὁμοιομέρειαι
1262 3743 1285 3794 ei
1301 3745 1416 3794 nondum

182 3847 220 3890 est
236 3839 333 3904 notum)
351 3839 434 3903 potius
445 3854 535 3888 nomen
548 3839 636 3887 ducere
648 3839 679 3888 ab
690 3838 721 3887 iis
732 3838 820 3898 rebus,
838 3854 901 3902 quae
912 3854 943 3888 ex
955 3838 1065 3888 eiusdem
1077 3839 1173 3902 generis
1184 3839 1272 3889 atomis
1284 3839 1334 3888 sint
1346 3856 1415 3889 eom-

182 3935 276 3998 positae
291 3940 321 3984 ut
337 3950 404 3995 ossa,
422 3948 494 3993 caro,
512 3936 577 3993 cett,
596 3948 652 3982 cum
669 3948 725 3993 aer,
742 3931 822 3996 ignis,
843 3932 1029 3983 commixtiones
1046 3932 1096 3982 sint
1108 3949 1121 3983 e
1133 3932 1224 3983 diversi
1235 3935 1332 3997 generis
1343 3933 1415 3997 prin·

183 4030 253 4094 eipiis
282 4029 334 4080 sive
359 4028 494 4079 elementis.
528 4028 604 4077 Arist.
630 4043 654 4090 p.
673 4031 735 4088 314,
763 4043 785 4076 α.
805 4028 870 4087 (edit
889 4027 997 4093 Bekk.):
1029 4028 1223 4094 (Ἀναξαγόρας)
1250 4029 1362 4095 μὲνγὰρ
1381 4033 1416 4080 τὰ

182 4125 316 4191 ὁμοιομερῆ
342 4130 455 4189 στοιχεῖα
473 4122 592 4187 τίθησιν,
619 4123 675 4175 οἷον
691 4125 785 4174 ὀστοῦν
801 4125 844 4173 καὶ
861 4125 945 4186 σάρκα
962 4125 1005 4173 sai
1020 4123 1123 4187 μυελόν,
1141 4126 1182 4173 καὶ
1200 4130 1252 4175 τῶν
1267 4126 1358 4174 ἄλλων
1375 4123 1416 4175 ὧν

182 4219 290 4270 ἑκάστου
318 4222 468 4281 σννώννμον
497 4221 526 4270 τὸ
555 4217 629 4282 μέρος
656 4219 736 4268 ἐστίν.
770 4217 926 4281 Δημόκριτος
954 4216 979 4267 δὲ
1008 4219 1050 4268 καὶ
1074 4218 1220 4277 Λεύκιππος
1244 4219 1271 4268 tr
1289 4220 1417 4284 σωμάτων

182 4314 333 4379 ἀδιαιρέτων
362 4316 446 4365 τᾶλλα
476 4311 624 4380 συγκεῖσθαέ
652 4323 727 4377 φασι,
756 4316 839 4363 ταῦτα
864 4312 980 4376 δ’άπειρα
997 4315 1039 4362 καὶ
1056 4315 1085 4364 τὸ
1105 4315 1207 4375 πλῆθος
1225 4318 1288 4366 εἶναι
1305 4317 1349 4366 cai
1366 4318 1416 4376 τὰς

183 4411 294 4475 μορφάς,
321 4409 388 4458 αὑτά
412 4408 436 4458 δὲ
463 4412 528 4472 πρὸς
552 4410 619 4459 αὐτὰ
645 4406 770 4472 διαφέρειν
789 4407 888 4465 τούτοις
906 4409 930 4464 ἐξ
949 4408 985 4458 ὦν
1002 4409 1047 4457 εἰσὶ
1066 4411 1106 4458 καὶ
1124 4409 1191 4458 θέσει
1208 4410 1251 4459 καὶ
1268 4412 1335 4467 τάξει
1354 4410 1415 4460 τού·

183 4524 235 4554 τιον
245 4543 251 4555 .
315 4504 346 4564 (ci
364 4505 420 4566 περὶ
436 4505 618 4568 Ἀναξαγόραν
635 4503 748 4569 λέγουσι)
768 4506 853 4553 ταῦτα
870 4504 917 4567 μέν
934 4505 1026 4594 (σάρκα
1044 4506 1086 4554 aci
1098 4508 1192 4574 6in
1204 4496 1247 4556 eci
1258 4508 1290 4556 τὰ
1305 4507 1416 4564 τοιαῦτα

183 4596 414 4687 TQ)
434 4597 508 4648 ἁπλᾶ
526 4598 567 4647 καὶ
586 4601 713 4661 στοιχεῖα,
733 4602 782 4666 γῆν
799 4597 823 4646 δὲ
842 4600 884 4648 καὶ
901 4602 952 4663 stirp
971 4601 1012 4648 rel
1031 4599 1096 4677 lidprp
1115 4601 1158 4650 καὶ
1175 4599 1236 4665 (ἅμα
1255 4591 1376 4652 odoberti.
