3196 5160
385 943 658 1037 CAPUT
709 943 1099 1037 TERTIUM.

566 1454 980 1517 [)ΕΑΝΙΜο·Ἰ

603 1643 708 1725 (Lucr.
731 1641 787 1705 lib.
810 1641 884 1719 IH.)

125 1843 278 1914 Multa
309 1855 383 1915 sunt
406 1871 487 1937 quae
510 1850 652 1914 Lucretii
677 1849 715 1914 de
739 1849 884 1914 sensibus
907 1850 940 1912 in
963 1847 1174 1934 praecedente
1196 1845 1277 1909 libro
1300 1865 1356 1909 ox·

52 1963 252 2036 positae
277 1966 438 2030 doctrinae
463 1966 587 2030 obicere
610 1966 782 2052 possimus:
813 1965 890 2048 sed,
918 1987 990 2030 cum
1014 1985 1094 2050 opus
1109 1984 1182 2027 eum
1196 1959 1357 2026 refutandi

55 2067 105 2134 ln
173 2103 250 2147 nos
284 2104 348 2146 non
381 2083 568 2166 incumbat,
602 2083 658 2147 illa
691 2084 885 2147 omittemus.
941 2082 981 2146 In
1014 2082 1095 2146 libro
1126 2081 1220 2144 tertio
1249 2084 1357 2143 autem

58 2201 267 2284 emplius
291 2200 403 2265 eadem
426 2201 465 2265 de
489 2222 523 2265 re
548 2201 689 2287 disputat
710 2201 931 2287 imprimisque
948 2205 1081 2265 conatur
1096 2199 1194 2263 animi
1210 2203 1357 2261 naturam

61 2317 305 2400 explicare,
324 2324 360 2381 ut
377 2317 572 2382 demonstret
588 2339 661 2382 eum
676 2317 842 2381 mortalem
858 2337 944 2399 esse,
961 2316 1068 2402 itaque
1085 2315 1196 2379 mortis
1211 2314 1358 2378 timorem

60 2415 259 2498 inanem
283 2455 362 2500 csse.
407 2436 489 2500 Tota
510 2440 618 2498 mente
641 2434 675 2497 in
696 2433 779 2498 hauc
802 2434 907 2519 operis
929 2440 1053 2520 partem
1068 2431 1225 2496 incumbit
1241 2436 1356 2517 poeta:

62 2545 265 2636 quisque
289 2551 386 2615 sentit
408 2551 460 2615 hic
484 2551 645 2615 cardinem
669 2570 738 2614 csse
758 2549 855 2613 totius
872 2550 1086 2636 quaestionis,
1110 2554 1210 2613 totam
1226 2553 1358 2612 naturae

61 2646 310 2733 doctrinam
341 2669 459 2732 circum
493 2668 575 2731 hanc
609 2688 677 2730 rem
698 2667 829 2731 versari.
875 2666 942 2749 Ea,
967 2687 1048 2752 quae
1072 2688 1168 2752 supra
1190 2663 1359 2730 Lucretius

59 2761 233 2868 dixit,
261 2785 326 2850 iam
349 2785 425 2848 satis
447 2784 597 2849 videntur
619 2804 712 2870 posse
736 2766 928 2847 sententiam
951 2782 1085 2868 probare
1109 2782 1148 2847 de
1164 2781 1262 2846 animi
1277 2802 1360 2845 mor·

54 2879 276 2966 talisne:
300 2923 374 2966 nam
397 2901 424 2965 si
447 2902 571 2966 animus
594 2902 694 2966 oritur
717 2921 734 2964 e
758 2907 844 2965 certo
868 2907 1058 2984 atomorum,
1075 2900 1185 2965 ordine
1201 2905 1233 2964 et
1260 2897 1360 2985 „posi-

50 2995 239 3101 tura’ss
262 3040 327 3082 una
350 3040 422 3083 cum
446 3019 653 3083 dissolutione
676 3018 817 3105 corporis
840 3019 965 3083 animus
978 3040 1104 3106 quoque
1121 3019 1249 3083 dissolvi
1266 3017 1362 3082 debet

42 3119 116 3178 ‘³¹³
196 3136 338 3200 interire.
383 3135 538 3201 Attamen
563 3135 677 3218 „hasce
704 3137 879 3202 secundum
902 3158 953 3201 res
976 3137 1074 3202 animi
1096 3142 1211 3201 natura
1233 3135 1361 3200 videtur

35 3236 231 3334 a‘tque
253 3254 379 3319 animae
402 3254 551 3319 claranda
572 3255 652 3318 meis
668 3254 813 3318 versibus
829 3275 916 3338 esse,
933 3260 965 3319 et
981 3260 1087 3320 metus
1103 3254 1158 3321 ille
1174 3254 1257 3318 foras
1272 3274 1362 3339 prae·

29 3353 210 3445 eeps
246 3369 442 3434 Acheruntis
476 3369 635 3454 agendus,
670 3370 813 3435 funditus
840 3370 1013 3436 humanam
1051 3372 1106 3458 qui
1132 3371 1232 3435 vitam
1255 3369 1362 3433 turbat

25 3457 129 3527 ab
199 3487 283 3570 imo,
307 3488 414 3552 omnia
429 3487 613 3552 suffundens
627 3490 738 3553 mortis
761 3489 906 3574 nigrore,
930 3510 1034 3576 neque
1052 3489 1151 3554 ullam
1168 3509 1236 3553 esse
1252 3487 1362 3572 volup·

58 3593 236 3668 atem
269 3605 422 3696 liquidam
455 3628 631 3692 puramque
664 3607 835 3693 relinquit”
851 3608 883 3690 ¹).
937 3606 1038 3671 Nobis
1072 3613 1181 3671 autem
1207 3604 1363 3690 imprimis

26 3700 455 3787 auimadvertendum
486 3730 534 3787 est
571 3731 698 3809 poetam
732 3724 837 3808 ipsum
875 3724 928 3789 hic
964 3723 1105 3788 indicare
1140 3722 1216 3809 quid
1249 3720 1364 3785 debeat

28 3792 300 3922 Epirum·
316 3840 461 3926 „tuisque
478 3861 538 3923 ex,
554 3840 674 3927 inquit,
690 3842 801 3926 pulcra
815 3862 890 3906 usus
910 3841 1051 3926 imagine
1062 3838 1362 3924 ‚inclute,chartis,

37 3918 284 4021 flOlileris
307 3963 343 4020 ut
365 3979 443 4042 apes
464 3958 495 4021 in
521 3958 654 4022 saltibus
677 3941 784 4022 omnia
805 3958 924 4042 libant,
960 3959 1067 4023 omnia
1088 3979 1147 4022 uos
1173 3948 1283 4021 itidem
1311 3956 1363 4020 de-

44 4051 300 4138 PQscimur
322 4096 419 4138 aurea
442 4074 588 4159 dicta”²).
637 4077 702 4158 „Te
725 4077 844 4140 imitari
868 4097 970 4158 aveo,
994 4077 1091 4162 inque
1114 4075 1177 4140 tuis
1191 4096 1275 4139 nunc
1291 4074 1364 4139 ficta

56 4170 164 4240 DQ
174 4190 257 4254 dum
273 4213 357 4277 pono
373 4195 491 4278 pressis
506 4193 643 4278 vestigia
658 4194 777 4278 signis'’
787 4192 820 4278 ³).
866 4193 940 4280 Ipse
956 4193 1055 4278 igitur
1070 4198 1206 4256 testatur
1220 4198 1316 4279 poeta
1331 4210 1363 4256 se
