3196 5160
534 1042 1060 1139 EPILOGUS.

227 1823 334 1890 Aliter
362 1823 574 1911 philosophus
608 1846 659 1889 res
693 1826 945 1911 contemplatur,
980 1826 1073 1890 aliter
1103 1831 1207 1911 poeta.
1252 1826 1315 1890 Ille
1338 1831 1413 1890 ante

186 1943 292 2007 omnio
314 1942 483 2006 veritatem
505 1943 729 2028 inquirendam
751 1949 864 2028 putat,
889 1942 941 2007 hic
964 1952 1072 2007 autem
1095 1965 1176 2029 quac
1198 1945 1306 2029 ipsum
1330 1965 1413 2008 com·

183 2066 314 2124 movent
346 2060 441 2125 canit.
487 2061 548 2124 Ille
571 2061 680 2125 multis
703 2061 933 2146 experimentis
956 2060 1106 2124 adhibitis
1129 2062 1220 2124 iustis
1242 2061 1411 2125 ratiocina-

183 2178 324 2242 tionibus
345 2199 453 2242 rerum
475 2184 622 2242 naturam
647 2198 838 2263 cognoscere
862 2179 966 2263 cupit:
992 2179 1098 2242 omnia
1121 2178 1264 2242 dissolvit
1287 2184 1326 2241 ut
1349 2199 1409 2242 mo·

184 2295 259 2359 dum
282 2317 344 2382 quo
360 2294 551 2359 cohaereant
566 2317 617 2359 res
632 2295 754 2378 videat,
771 2296 927 2382 quomodo
939 2302 1084 2360 mentem
1101 2318 1190 2360 suam
1207 2316 1257 2358 res
1270 2295 1411 2359 afficiant

182 2434 247 2476 non
281 2413 422 2498 quaerit,
458 2412 514 2476 sed
549 2413 750 2499 potissimum
772 2414 966 2498 investigare
990 2414 1118 2495 studet,
1141 2412 1251 2499 quales
1274 2413 1341 2476 sint
1364 2433 1411 2476 res

183 2550 241 2616 per
275 2550 319 2592 se.
364 2530 468 2593 Poeta
490 2534 598 2593 autem
621 2529 732 2593 mundi
754 2531 928 2615 imaginem
952 2530 1120 2612 describit,
1152 2530 1279 2615 qualem
1304 2535 1410 2594 mente

184 2669 242 2711 sua
275 2647 441 2733 percepit,
477 2648 567 2732 quasi
598 2648 717 2711 intuitu
751 2649 857 2712 omnia
879 2669 942 2711 uno
966 2655 1109 2733 tempore
1132 2648 1316 2734 perlustrat.
1363 2647 1410 2712 In·

184 2765 372 2848 tellegcntia
395 2765 427 2827 in
452 2763 660 2851 philosopho,
684 2785 795 2828 sensus
817 2765 851 2827 in
873 2770 969 2851 poeta
992 2764 1180 2828 dominatur.
1211 2764 1292 2828 Inde
1317 2764 1405 2829 aliam

184 2883 341 2946 rationem
376 2882 409 2945 in
444 2883 539 2946 rebus
571 2882 745 2946 scribendis
776 2882 984 2968 philosophus
1014 2883 1157 2968 sequitur
1187 2903 1282 2968 qnam
1306 2887 1405 2968 poeta

184 2999 267 3082 Ille,
302 3021 374 3063 cum
403 2999 508 3082 logica
541 3005 609 3063 arte
645 2999 794 3081 ducatur,
828 3000 933 3063 minus
965 3005 1012 3063 est
1035 3000 1116 3063 liber
1137 2999 1171 3062 in
1192 2999 1289 3062 rebus
1314 3019 1408 3084 expo·

184 3115 315 3180 nendis:
338 3116 399 3180 hae
423 3116 511 3200 ipsae
535 3117 565 3180 ei
587 3117 673 3180 viam
696 3118 1038 3203 quasipraesoribunt.
1062 3118 1182 3181 Poetae
1197 3122 1325 3199 autem,
1338 3136 1408 3180 cnm

184 3231 383 3297 audientium
407 3232 528 3295 animos
545 3253 742 3297 commovere
754 3235 856 3320 iisque
869 3235 1060 3319 persuadere
1072 3235 1268 3320 propositum
1281 3233 1406 3316 habeat,

183 3370 235 3415 res
259 3350 303 3413 sio
326 3350 402 3414 licet
426 3349 590 3432 ordinare,
614 3358 649 3413 ut
672 3373 768 3437 quam
783 3352 946 3437 aptissime
962 3352 1118 3436 attingat,
1143 3351 1227 3437 quod
1242 3351 1303 3414 sibi
1326 3371 1407 3416 asse-

182 3467 343 3555 quendum
366 3467 521 3531 statuerit.
567 3467 606 3531 Id
628 3474 735 3532 tamen
759 3470 908 3533 convenit
931 3469 1018 3533 inter
1048 3475 1237 3555 utrumque,
1261 3468 1346 3554 quod
1369 3466 1407 3532 ob

60 3586 61 3590 ’
182 3585 309 3670 singula
342 3591 445 3649 totum
474 3606 539 3649 non
571 3587 767 3670 neglegunt,
807 3586 863 3650 sed
896 3592 1088 3672 perpetuum
1125 3607 1231 3650 rerum
1262 3586 1346 3649 inter
1366 3605 1406 3689 ,se

183 3703 346 3768 vinculum
380 3708 487 3767 mente
518 3708 646 3785 tenent,
678 3703 762 3789 quod
788 3705 883 3767 unius
905 3703 1003 3768 horae
1026 3710 1111 3768 statu
1133 3726 1197 3767 non
1221 3704 1405 3788 capiuntur,

183 3820 240 3885 sed
261 3841 342 3907 quae
366 3819 481 3884 durant
504 3825 536 3883 ct
559 3821 685 3884 stabilia
708 3826 782 3883 sunt
797 3822 1061 3906 contemplantur.
1087 3821 1156 3895 Quo
1171 3820 1291 3884 factum
1308 3825 1356 3885 est
1371 3824 1406 3884 ut

182 3937 321 4023 antiquis
344 3936 540 4022 temporibus
562 3935 746 4022 philosophi
770 3944 876 4000 essent
898 3944 1012 4023 poetae
1036 3943 1068 4001 et
1084 3943 1197 4022 poetae
1213 3936 1405 4024 philosophi.

183 4053 309 4123 Deinde
344 4061 453 4119 tamen
487 4076 559 4118 cum
591 4054 730 4119 Socratis
762 4060 795 4118 ct
817 4053 1030 4140 sophistarum
1054 4055 1219 4118 dialectica
1241 4076 1292 4118 ars
1314 4054 1406 4118 intel·

180 4172 356 4256 legentiam
392 4172 595 4254 exacuisset,
626 4192 699 4235 oum
733 4173 814 4236 alter
837 4172 968 4236 alterius
991 4171 1135 4236 doctrina
1158 4170 1269 4235 doctus
1293 4193 1405 4258 quaes·

182 4289 306 4353 tionum
329 4289 553 4355 solvendarum
578 4290 701 4376 copiam
725 4290 887 4373 auxisset,
911 4288 1113 4374 philosophia
1136 4294 1168 4352 et
1190 4288 1296 4373 poesis
1311 4290 1407 4375 plane

182 4407 405 4471 discesserunt.
451 4407 505 4471 Ex
533 4407 740 4494 inquisitione
763 4413 872 4470 nostra
893 4405 954 4470 hoc
977 4407 1106 4492 quidem
1129 4406 1277 4491 apparuit
1290 4406 1407 4470 Lucre

182 4524 263 4588 tium
298 4524 333 4587 in
367 4522 567 4610 philosophia
600 4524 682 4588 nihil
715 4526 928 4610 praestitisse,
967 4545 1029 4610 quo
1067 4525 1116 4588 sui
1153 4525 1231 4587 iuris
1268 4522 1405 4610 philoso-

181 4641 265 4728 phus
299 4641 362 4706 diei
392 4648 509 4729 queat,
543 4642 596 4706 vel
632 4644 719 4728 „ipso
749 4644 901 4727 magistro
933 4642 1106 4727 discipulus
1134 4641 1234 4706 maior
1258 4646 1291 4705 et
1311 4641 1405 4708 laude
