3196 5160
758 351 819 414 102

181 554 279 618 verba
290 554 449 639 magistri,
462 553 536 636 etsi,
549 574 621 617 cum
634 572 748 637 graves
759 573 811 617 res
822 551 983 617 interdum
997 554 1155 637 omiserit,
1169 575 1242 618 cum
1253 554 1406 639 magistro

181 693 246 735 non
262 692 386 758 semper
399 671 577 736 consentire
589 671 725 735 videtur.
751 670 849 735 Suam
865 671 951 735 riam
963 693 1125 758 nunquam
1140 672 1232 754 iniit,
1257 672 1321 736 nisi
1332 693 1408 758 qua-

182 794 275 852 tenus
287 792 454 873 pcetarum
465 787 558 851 modo
573 786 748 852 doctrinam
761 787 919 872 exposuit.
936 787 1008 851 Hoc
1020 788 1105 851 idem
1119 808 1137 851 e
1149 787 1212 851 fine
1223 787 1319 851 huius
1335 787 1410 851 libri

182 906 272 992 sequi
293 905 430 970 videtur.
461 905 604 970 Primum
633 904 672 968 de
695 926 804 968 somno
827 905 909 989 agit,
934 905 1048 970 deinde
1073 906 1112 970 de
1136 906 1258 970 semine
1281 912 1315 969 et
1338 906 1409 969 aliis

182 1024 277 1088 rebus
300 1024 341 1088 ad
363 1044 514 1088 venerem
536 1023 780 1108 pertinentibus.
826 1023 878 1087 Ex
901 1025 996 1088 DL.
1021 1025 1063 1089 X.
1081 1027 1121 1088 66
1138 1030 1246 1088 autem
1261 1023 1410 1088 ridemus

182 1140 358 1227 Epicurum
403 1140 539 1204 eundem
582 1139 725 1203 ordinem
770 1146 915 1204 secutum
954 1160 1033 1204 esse.
1089 1140 1271 1225 Explicatio
1306 1139 1410 1203 somni

183 1258 295 1323 eadem
328 1264 376 1322 est
409 1263 505 1344 atquc
536 1256 622 1342 apud
650 1263 788 1342 poetam.
834 1257 1008 1322 Praeterea
1042 1258 1205 1342 Diogenes
1240 1257 1279 1321 de
1312 1257 1410 1320 rebus

182 1375 328 1440 venereis
349 1373 430 1439 haec
445 1379 569 1438 tantum
584 1373 699 1438 refert:
722 1377 760 1439 τό
782 1403 814 1440 τε
837 1378 956 1460 σπέρμα
980 1375 1033 1460 ἀφ’
1057 1377 1146 1441 ὅλων
1167 1378 1232 1440 τῶν
1254 1373 1411 1456 σωμάτων

184 1497 348 1580 φέρεσθαι,
373 1492 561 1578 quibuscum
584 1492 728 1556 conferas
750 1491 809 1556 IV.
836 1494 916 1556 1041
942 1513 1028 1579 seqq.
1064 1491 1204 1557 Aliunde
1227 1498 1337 1556 tamen
1361 1498 1412 1555 est

183 1611 386 1697 perspicuum
420 1609 502 1674 hanc
525 1610 669 1674 Lucretii
692 1610 869 1674 doctrinam
892 1631 934 1674 ex
957 1610 1109 1696 Epicuri,
1147 1611 1201 1696 qui
1231 1610 1412 1674 Democriti

182 1726 320 1811 vestigia
353 1727 525 1811 presserit,
560 1726 685 1811 scriptis
718 1731 877 1811 sumptam
913 1745 992 1790 esse.
1038 1725 1085 1791 of.
1109 1727 1195 1790 onim
1217 1725 1276 1789 IV.
1303 1728 1410 1789 1229:

186 1865 331 1930 ,semper
360 1843 445 1908 enim
468 1850 579 1929 pertus
602 1843 722 1928 duplici
745 1842 784 1907 de
808 1843 929 1908 semine
954 1844 1098 1908 constat'’
1122 1865 1194 1908 cum
1217 1843 1302 1907 Plut.
1327 1844 1412 1928 plac.

183 1962 225 2027 V.
249 1983 317 2047 eap-
350 1964 391 2025 5:
430 1964 668 2048 „ssvboydpac,
701 1961 916 2045 Ἐπίκουρος,
955 1963 1152 2046 Δημόκριτος
1191 1965 1239 2026 καὶ
1266 1989 1302 2026 το
1325 1961 1413 2036 θῆλυ

184 2075 353 2164 προΐεσθαι
376 2077 528 2163 σπέρμο.”
566 2076 624 2141 Vs.
651 2079 754 2141 1230:
782 2083 895 2163 ,atque
918 2077 983 2141 utri
1005 2078 1137 2141 similest
1159 2077 1262 2162 magis
1277 2077 1310 2140 id
1326 2079 1415 2164 quod

184 2216 319 2281 cumque
342 2201 488 2278 creatur,
513 2172 701 2266 eiuthabet
724 2195 795 2279 plus
818 2199 908 2280 parte
932 2215 1054 2280 aequa,
1078 2195 1163 2281 quod
1185 2217 1316 2259 cernere
1340 2217 1414 2281 pos-

184 2313 245 2396 sis,
280 2313 347 2376 sirc
377 2312 482 2377 virum
512 2312 639 2375 suboles
670 2312 768 2375 sivest
797 2311 963 2375 muliebris
986 2312 1108 2396 orig0.''
1152 2312 1239 2376 Plut.
1262 2313 1344 2397 plac.
1368 2312 1413 2376 V.

185 2431 225 2492 l:
259 2429 480 2514 „qudeptroc
513 2426 551 2493 τὰ
581 2432 637 2511 μὲν
669 2426 757 2493 κοινὰ
788 2431 862 2513 μέρη
897 2426 930 2502 ἐξ
954 2432 1108 2514 ὁποτέρου
1131 2427 1170 2494 ἂν
1193 2431 1300 2515 τύχῃ,
1324 2427 1362 2494 ra*
1387 2427 1420 2496 δ’

185 2545 345 2622 ἰδιάζοντα
392 2550 440 2611 καὶ
484 2544 549 2610 κατ’
588 2542 812 2630 ἐπικράτειαν”.
868 2543 976 2607 Huius
1013 2545 1126 2630 capitis
1161 2545 1326 2631 inscriptio
1365 2553 1416 2610 est

184 2662 284 2728 haee:
319 2668 407 2745 ηπῶς
437 2661 555 2749 ἅῤῥενα
577 2665 719 2748 γίνεται,
756 2667 803 2726 καὶ
827 2661 960 2737 θήλεο”.
1005 2661 1063 2726 Vs.
1090 2664 1192 2726 1278:
1220 2663 1308 2744 ,Nec
1333 2662 1414 2727 divi-

184 2782 271 2846 nitus
293 2783 378 2846 inter
401 2781 477 2845 dum
499 2779 701 2865 Venerisque
723 2778 848 2863 sagittis
872 2779 1029 2844 deteriore
1052 2779 1088 2843 fit
1110 2785 1146 2843 ut
1168 2779 1269 2844 forma
1282 2781 1414 2844 mulier·

185 2900 257 2964 cula
279 2898 435 2963 ametur”.
480 2898 521 2962 D.
536 2897 575 2961 L.
598 2895 639 2960 X.
665 2899 745 2961 118:
772 2895 862 2979 ,otte
886 2900 1086 2980 θεόπεμπτον
1110 2899 1187 2965 εἶναι
1209 2899 1266 2964 τὸν
1289 2898 1390 2984 ’ἔρωτα
1404 2948 1414 2977 ,

186 3017 231 3091 ὡς
265 3018 421 3101 Διογένης
455 3016 487 3080 ἐν
520 3019 565 3101 τῷ
599 3010 758 3100 δωδεκάτῳ
793 3014 910 3100 φησίν”
929 3015 961 3095 ¹).
1007 3014 1157 3079 Ceterum
1188 3020 1303 3100 poetae
1338 3021 1415 3079 sunt

185 3131 282 3216 haec,
309 3131 364 3218 qui
387 3152 459 3196 cum
483 3131 595 3196 ardore
618 3130 755 3217 quodam
778 3129 960 3216 philosophi
983 3131 1176 3214 doctrinam,
1199 3131 1232 3194 in
1256 3131 1415 3196 eiusmodi

185 3249 281 3314 rebus
298 3269 441 3337 quoque,
469 3249 562 3335 quale
579 3254 627 3312 est
641 3247 720 3331 hcc,
746 3248 828 3312 nihil
843 3269 911 3313 esse
927 3255 1055 3334 praeter
1068 3270 1206 3314 vacuum
1220 3254 1344 3314 atomos
1363 3271 1415 3315 ea·

184 3388 319 3453 rumque
352 3372 479 3449 motus,
515 3365 688 3449 defendat,
717 3365 867 3429 defendat
900 3372 1009 3430 tamen
1038 3367 1103 3449 ita,
1137 3373 1174 3429 ut
1196 3366 1415 3451 pulcritudine

185 3485 336 3550 orationis
357 3485 495 3569 legentis
518 3484 681 3548 fastidium
705 3489 842 3569 superet.
873 3484 960 3547 Num
984 3485 1081 3548 etiam
1103 3489 1235 3570 poetae,
1265 3485 1320 3569 qui
1344 3485 1416 3570 ipse

184 3603 339 3670 amatorio
361 3603 475 3690 poculo
498 3603 531 3665 in
553 3602 692 3667 furorem
715 3622 846 3684 versus,
870 3622 927 3686 per
949 3601 1119 3665 intervalla
1133 3601 1275 3664 insaniae
1292 3601 1417 3687 aliquot

182 3723 281 3787 libros
316 3721 563 3807 conscripserit?
608 3719 746 3784 Difficile
776 3719 837 3784 erit
860 3741 902 3783 ex
923 3718 1011 3783 hisce
1033 3718 1177 3783 versibus
1201 3740 1312 3783 eruere
1334 3741 1418 3784 non-

184 3840 308 3922 nullos,
332 3837 443 3925 quiid
466 3837 650 3901 confirmare
674 3836 813 3922 possint,
836 3858 910 3899 nam
934 3835 972 3899 de
1000 3836 1065 3900 suis
1087 3835 1182 3900 rebus
1198 3835 1279 3898 nihil
1293 3836 1417 3902 immis-

186 3957 251 4021 cuit
273 3962 389 4043 poeta:
414 3948 488 4019 sunt
504 3955 610 4040 potius
622 3954 774 4040 sapientis
785 3954 865 4037 riri,
889 3953 1099 4040 quihomines
1111 3959 1220 4018 monet
1240 3974 1280 4017 ne
1297 3957 1417 4019 amoris

184 4075 344 4140 illecebris
377 4075 564 4160 capiantur,
599 4080 655 4138 aut
682 4074 780 4139 etiam
814 4075 900 4160 capti
923 4096 995 4139 cum
1019 4081 1111 4158 sunt,
1134 4080 1170 4138 ut
1195 4074 1352 4158 effugiant
1367 4079 1415 4161 2);

188 4333 370 4341 —-———--

219 4486 237 4549 1)
276 4485 326 4535 Hic
343 4483 467 4549 Diogenes
484 4488 522 4535 est
539 4484 674 4549 discipulus
693 4485 797 4549 Epicuri
816 4486 860 4551 qui
877 4486 969 4550 scripte
979 4487 1099 4538 nonnulla
1111 4486 1223 4551 magistri
1234 4487 1312 4539 edidit
1320 4490 1362 4540 vel
1371 4507 1415 4540 cx-

186 4581 288 4645 serpsit:
306 4580 432 4645 superius:
450 4583 483 4639 ὡς
501 4582 621 4646 Διογένης
637 4583 665 4632 ἐν
683 4587 715 4646 τῇ
732 4582 840 4648 ἐπιτομῇ
857 4588 909 4634 τῶν
925 4584 1080 4648 Ἐπικούρου
1097 4585 1192 4645 ἠθικῶν
1210 4584 1352 4651 δογμάτων.

219 4677 240 4744 ²)
274 4678 317 4727 Vs.
338 4679 399 4725 1144
416 4692 485 4741 seqq.
