3196 5160
537 992 1342 1146 onrursnounuuu'

623 1585 676 1645 DE
696 1583 831 1645 ΜυΝῠΙ
854 1583 903 1644 ΕΧ
922 1581 1085 1643 ΑΤΟΜΙΒ
1110 1581 1238 1643 onw.

799 1770 904 1851 (Luor.
927 1768 982 1832 lib.
1005 1767 1061 1853 Π).

358 1964 586 2049 Explicaturus
616 1968 663 2027 est
685 1968 780 2048 poeta
802 1962 960 2048 quomodo
983 1963 1090 2026 omnia
1113 1983 1155 2025 ex
1178 1962 1291 2026 atomis
1314 1962 1398 2027 faeta
1419 1962 1483 2026 sint
1507 1968 1541 2027 et

313 2081 348 2145 in
382 2103 435 2146 eas
468 2081 667 2145 resolvantur
683 2079 712 2158 ¹).
758 2081 911 2146 Materies
945 2102 1009 2143 non
1043 2102 1099 2143 sua
1132 2080 1165 2143 vi
1189 2079 1359 2163 cohaeret3
1394 2080 1541 2145 videmus

314 2200 400 2264 enim
431 2220 562 2285 corpora
595 2204 738 2283 tempore
771 2198 912 2262 deminui
937 2204 969 2261 et
992 2198 1164 2284 particulas
1187 2197 1365 2262 dimittere:
1401 2199 1448 2262 ita
1470 2220 1542 2284 per·

313 2323 410 2402 petuo
443 2321 589 2380 creseunt
623 2322 656 2379 et
672 2315 875 2379 decrescunt.
922 2315 1094 2379 Moventur
1117 2320 1226 2380 autem
1248 2317 1346 2380 atomi
1358 2317 1380 2398 ²)
1404 2322 1460 2380 aut
1483 2338 1542 2380 sua

314 2435 471 2519 gravitate
494 2439 551 2499 aut
573 2433 640 2519 ictu
663 2433 864 2497 extrinsecus
887 2432 976 2497 illato
992 2433 1032 2515 ³),
1057 2454 1118 2518 quo
1142 2433 1178 2495 fit
1200 2439 1236 2496 ut
1260 2433 1345 2496 inter
1369 2455 1402 2498 se
1426 2455 1542 2498 eoncu-

313 2553 433 2616 tiantur
456 2557 487 2615 et
510 2573 619 2615 rursus
641 2550 797 2615 resultent
809 2555 844 2628 4).
890 2550 936 2614 At
959 2551 1109 2637 quoniam
1131 2571 1236 2638 neque
1252 2551 1354 2615 imum
1374 2559 1422 2615 est
1438 2552 1472 2615 in
1487 2575 1543 2617 va·

281 2747 284 2751 ,
314 2691 373 2733 ouo
408 2690 467 2734 neo
501 2669 595 2751 finis,
630 2689 688 2753 per
718 2674 884 2732 aeternum
907 2675 1034 2754 tempus
1057 2668 1108 2732 hio
1131 2676 1236 2732 motus
1259 2667 1395 2733 durabit.
1441 2669 1542 2735 Hisce

313 2786 430 2850 ictibus
459 2807 552 2872 porro
583 2785 756 2848 nonnullae
779 2784 877 2848 atomi
901 2790 1058 2869 stipantur
1080 2786 1220 2849 minimis
1242 2786 1421 2850 intervallis
1444 2787 1544 2851 inter-

314 2904 440 2989 positis,
475 2903 557 2967 aliae
592 2901 786 2984 maioribus3
822 2902 944 2987 priores
968 2902 1043 2966 illae
1067 2905 1263 2967 constituunt
1287 2904 1380 2987 dura,
1404 2903 1465 2969 hae
1488 2928 1545 2970 au·

314 3028 379 3086 tem
412 3022 558 3085 molliora
594 3027 626 3084 et
660 3021 766 3085 minus
800 3020 911 3104 gravia
938 3041 1070 3105 corpora
1083 3021 1115 3105 ⁵).
1162 3021 1334 3086 Praeterea
1355 3022 1458 3086 multa
1480 3024 1545 3109 pri-

314 3139 437 3205 mordia
470 3140 644 3225 perinane
668 3144 825 3222 vagantur
848 3158 928 3223 quae
952 3138 1093 3202 nondum
1116 3145 1190 3202 sunt
1213 3146 1427 3224 congregata:
1463 3139 1545 3205 haee

314 3263 476 3344 tamquam
510 3256 599 3320 oibus
633 3261 707 3319 sunt
741 3255 934 3341 corporibus.
1006 3255 1132 3320 Horum
1166 3263 1272 3321 motus
1308 3265 1340 3321 et
1376 3258 1527 3321 tenuitati

313 3375 487 3458 imaginem
520 3373 611 3436 nobis
633 3372 788 3457 praebent
811 3371 1015 3456 corpuscula,
1040 3372 1177 3459 quaein
1201 3373 1275 3436 solis
1299 3373 1395 3437 radiis
1418 3375 1544 3438 moveri

349 3606 368 3672 ¹)
403 3606 436 3656 D.
454 3605 483 3654 L.
501 3603 541 3664 X,
566 3606 611 3663 42,
637 3605 669 3653 τὰ
693 3604 776 3664 ἄτομα
804 3609 856 3653 τῶν
873 3605 996 3668 σωμάτων
1013 3606 1056 3654 καὶ
1073 3605 1166 3668 μεστά,
1193 3604 1218 3661 ἐξ
1245 3602 1281 3654 ὧν
1297 3605 1340 3654 καὶ
1356 3604 1382 3654 αὶ
1399 3605 1543 3669 συγκρίσεις

316 3704 434 3769 γίνονται
451 3704 493 3752 καὶ
511 3701 545 3758 εἰς
563 3704 579 3750 a
596 3698 813 3750 διαλύονται....

348 3797 368 3862 ²)
404 3796 421 3845 l.
438 3796 455 3844 l.
476 3799 507 3844 43
528 3790 660 3846 κινοῦνταί
678 3810 704 3843 τε
721 3799 834 3857 συνεχῶς
851 3795 877 3842 αἱ
896 3794 995 3858 ἄτομοι.

349 3892 367 3950 ³)
403 3891 471 3942 Stob.
489 3873 542 3940 Eol.
561 3890 590 3950 Ι,
609 3891 670 3948 366,
684 3890 810 3939 κινεῖσθαι
833 3888 857 3938 δὲ
877 3863 963 3954 (φησὶν
980 3889 993 3937 ὁ
1010 3892 1171 3955 Ἐπίκουρος)
1190 3892 1221 3940 τὰ
1238 3891 1321 3954 ἄτομα
1342 3892 1397 3940 τοτὲ
1414 3889 1460 3953 μὲν
1478 3892 1547 3941 κατὰ

318 3989 451 4050 στάθμην,
472 3990 527 4040 τοτὲ
545 3987 570 4036 δὲ
587 3987 653 4036 κατὰ
671 3987 853 4051 παρέγκλισιν,
871 3987 903 4035 τὰ
920 3984 944 4034 δὲ
956 3987 1008 4035 ἄνω
1021 3987 1156 4050 κινούμενα
1171 3988 1234 4036 κατὰ
1246 3988 1353 4053 πληγὴν
1365 3988 1407 4036 καὶ
1419 3988 1545 4038 ἀποπαλ-

318 4084 373 4144 μόν.
406 4081 438 4130 D.
456 4081 485 4131 L.
502 4081 542 4142 X,
562 4083 607 4136 61.
628 4081 642 4140 ἡ
660 4079 693 4138 εἰς
712 4083 740 4131 τὸ
758 4080 872 4146 πλάγιον
889 4079 929 4128 aa
946 4085 997 4130 τῶν
1014 4081 1141 4143 κρούσεων
1157 4082 1222 4146 φορὰ
1238 4082 1295 4131 οὐθ’
1314 4087 1330 4141 ὴ
1348 4082 1417 4131 κάτω
1434 4081 1475 4131 aa
1493 4086 1547 4132 τῶν

319 4175 389 4226 ἰδίων
404 4175 528 4241 βαρῶν..
543 4212 548 4224 .
669 4167 671 4173 ’

350 4270 371 4336 ⁴)
407 4271 439 4320 D.
457 4270 486 4320 L.
504 4271 537 4320 X.
556 4271 639 4333 44,ἥ
668 4287 694 4320 τε
722 4271 857 4333 στερεότης
884 4268 900 4330 ἡ
928 4267 1082 4335 ὑπάρχουσα
1110 4272 1203 4328 αὐταῖς
1228 4271 1295 4321 κατὰ
1317 4272 1366 4331 τὴν
1390 4269 1549 4336 σύγκρουσιν

320 4369 365 4417 τὸν
383 4366 544 4430 ἀποπαλμὸν
565 4369 639 4416 ποιεῖ.

351 4460 372 4524 ⁵)
407 4460 439 4509 D.
458 4460 487 4510 L.
505 4460 547 4521 X,
571 4464 619 4521 43,
643 4464 686 4511 καὶ
711 4464 737 4512 αἱ
759 4466 804 4528 μὲν
825 4465 931 4527 μακρὰν
954 4464 998 4513 ἀπ’
1024 4461 1149 4522 ἀλλήλων
1171 4438 1329 4523 διίστανται,
1358 4459 1384 4509 αἱ
1400 4458 1420 4510 δ’
1440 4459 1482 4509 αὖΙ
1500 4441 1547 4513 τὸν

319 4544 425 4620 παλμὸν
449 4559 579 4621 ἴσχουσιν,
612 4558 676 4608 ὅταν
702 4557 814 4623 τύχωσιν
839 4561 880 4612 δαὶ
905 4561 953 4620 τὴν
979 4559 1140 4623 περιπλοκὴν
1165 4558 1308 4622 κεκλιμέναι
1331 4556 1549 4622 ἢστεγαζόμεναι

321 4655 392 4716 παρὰ
410 4657 462 4703 τῶν
482 4657 635 4704 πλεκτικῶν.
