3196 5160
317 442 344 506 I.
368 464 414 506 vs.
439 445 502 506 244
526 462 632 528 seqq.:
951 445 977 507 I.
1001 465 1047 507 vs.
1073 446 1135 508 543
1161 464 1269 529 seqq.:

229 554 336 636 ,inter
365 575 400 618 11
431 555 505 640 quia
526 574 630 618 nexus
653 554 768 640 prinoi-
866 555 930 636 ,At
952 557 1101 640 quoniam
1122 576 1217 640 supra
1241 554 1334 619 docui
1361 554 1408 617 nil

182 666 308 752 piorum
324 666 492 730 dissimiles
509 672 654 730 constant
667 672 768 730 aeter·
819 688 911 752 posse
935 668 1035 731 creari
1060 667 1098 731 de
1121 667 1187 732 nilo
1203 688 1307 752 neque
1323 665 1409 752 quod

184 798 287 864 naque
321 778 470 842 materies
513 783 581 860 est,
616 778 769 840 ineolumi
820 779 965 863 genitum
982 785 1030 842 est
1046 779 1087 843 ad
1101 780 1147 843 nil
1162 779 1320 860 revocari,
1338 799 1408 842 csse

183 896 350 954 remanent
371 910 423 953 res
446 910 577 975 corpore
683 889 770 954 haud
820 891 993 955 immortali
1015 891 1189 976 primordia
1208 911 1338 976 corpore
1356 889 1410 953 de-

182 1003 281 1087 igitur
314 1002 397 1066 redit
431 1001 472 1065 ad
500 1002 602 1064 nilum
631 1022 682 1065 res
705 1002 771 1065 ulla
820 1003 919 1084 bent,
944 1003 1073 1066 dissolui
1100 1024 1162 1088 quo
1189 1023 1334 1088 quaeque
1359 1024 1410 1066 su-

184 1114 241 1178 sed
273 1134 383 1178 omnes
417 1113 548 1177 discidio
578 1113 714 1177 redeunt
737 1113 771 1177 in
822 1135 931 1200 premo
947 1121 1090 1200 tompore
1106 1114 1411 1201 possint,materiis

183 1247 316 1312 corpora
338 1225 518 1290 materiai.”
822 1233 858 1289 ut
875 1226 1057 1312 subpeditet
1079 1226 1175 1290 rebus
1190 1226 1409 1312 reparandis.”

228 1415 407 1501 Epicurus,
439 1413 595 1500 siquidem
619 1436 661 1479 ex
684 1415 826 1500 epistolis
849 1416 1026 1501 ceterisque
1049 1415 1236 1500 fragmentis
1259 1415 1298 1478 de
1321 1414 1411 1479 hisee

182 1533 278 1598 rebus
301 1531 475 1596 diiudicare
502 1553 679 1618 possumus,
704 1554 767 1596 non
789 1532 875 1596 idem
898 1533 932 1596 in
954 1533 1068 1597 vitium
1091 1533 1213 1597 incidit.
1259 1533 1317 1596 Ait
1341 1532 1411 1618 qui-

185 1650 257 1714 dem
290 1649 463 1736 primordia
489 1670 594 1713 rerum
619 1671 688 1713 esse
712 1651 811 1732 ἄτομα
836 1655 882 1715 καὶ
907 1650 1133 1735 ἀμετάβλητα,
1168 1651 1250 1736 εἴπερ
1273 1652 1315 1732 μὴ
1337 1649 1412 1732 μὲλ-

183 1769 232 1835 λει
261 1770 363 1835 πάντα
387 1773 431 1844 εἷς
452 1771 489 1834 τὸ
512 1771 554 1851 μὴ
578 1770 616 1834 ὂν
640 1773 876 1855 φθαρήσεσθαι,
914 1768 989 1835 ἀλλ’
1013 1772 1167 1856 ἰσχύοντα
1190 1771 1355 1851 ὑπομένειν
1377 1764 1423 1834 ἐν

183 1894 252 1962 ταῖς
287 1883 446 1952 διαλύσεσι
482 1891 546 1951 τῶν
574 1890 770 1972 συγκρίσεων
791 1886 828 1968 ¹),
866 1885 921 1949 sed
943 1885 999 1950 illa
1021 1885 1199 1972 principia,
1235 1885 1413 1971 dequibus

184 2024 286 2068 sermo
319 2007 409 2087 erat,
444 2002 681 2066 dialecticorum
707 2023 795 2066 11111
818 2002 965 2088 probavit
989 2024 1079 2086 esse,
1114 2003 1295 2089 primordiis
1317 2002 1412 2066 omis·

185 2121 238 2184 sis.
262 2158 303 2167 —
328 2119 392 2185 Sed
414 2140 595 2204 pergamus.

230 2237 331 2302 Addit
361 2243 457 2323 poeta
490 2237 576 2301 aliud
598 2243 839 2321 argumentum,
874 2238 959 2323 quod
981 2239 1176 2302 simillimum
1199 2244 1247 2302 est
1271 2238 1323 2320 ei,
1348 2258 1412 2323 quo

186 2379 262 2421 usus
286 2361 334 2421 est
357 2362 466 2438 antea,
490 2355 529 2419 ad
546 2376 704 2419 summum
719 2354 871 2440 physicae
891 2356 1083 2441 principium
1097 2355 1305 2442 probandum.
1330 2356 1412 2419 Sunt

187 2474 305 2556 atomi,
328 2495 403 2537 nam
425 2473 575 2537 materies
598 2494 662 2536 non
686 2471 726 2536 ad
748 2473 908 2537 infinitum
932 2473 1031 2537 dividi
1053 2480 1176 2559 potest;
1199 2474 1226 2537 si
1249 2474 1333 2537 enim
1357 2495 1412 2536 na-

186 2597 258 2656 tura
279 2591 376 2655 finem
398 2612 463 2655 non
485 2590 642 2676 posuisset
665 2589 760 2654 rebus
777 2588 971 2674 frangendis,
994 2590 1059 2653 iam
1083 2611 1120 2654 eo
1144 2589 1317 2655 destructio
1339 2612 1411 2676 pro-

188 2730 296 2794 gressa
319 2714 424 2791 esset,
447 2714 483 2772 ut
506 2707 594 2772 nulla
617 2729 667 2771 res
690 2706 793 2772 adhue
817 2707 930 2772 durare
953 2714 1080 2794 posset3
1108 2709 1232 2773 facilius
1255 2709 1340 2772 enim
1363 2715 1411 2772 est

189 2828 352 2892 destruere
382 2848 477 2914 quam
508 2833 691 2891 construere
707 2825 739 2910 ²).
785 2826 858 2890 Hae
880 2826 978 2890 atomi
1001 2847 1094 2911 porro
1117 2825 1236 2891 solidae
1259 2832 1292 2891 11
1315 2826 1412 2890 durae

189 2966 258 3010 esse
281 2944 420 3028 debent,
444 2944 594 3030 quoniam
617 2943 644 3008 si
667 2943 786 3007 solidae
809 2936 904 3026 sunt,
927 2943 1015 3007 inani
1038 2942 1202 3026 admixto,
1226 2965 1276 3007 res
1299 2942 1411 3007 molles

188 3062 320 3149 produci
350 3067 503 3147 possunt,
539 3083 632 3143 cum,
667 3061 692 3124 si
723 3061 811 3146 ipsae
839 3060 952 3125 molles
976 3066 1096 3143 essent,
1120 3082 1185 3125 non
1207 3061 1410 3146 perspicuum

189 3184 290 3271 esset,
315 3180 370 3265 qui
392 3177 510 3243 solidae
534 3199 585 3242 res
608 3183 735 3242 exstare
758 3183 896 3262 possent.
944 3177 1024 3242 Oum
1040 3183 1147 3241 autem
1165 3176 1267 3241 adhuc
1283 3199 1415 3263 corpora

191 3297 325 3380 durent,
350 3317 481 3361 1111111
505 3301 570 3378 111,
594 3301 740 3360 11111111
763 3317 781 3359 1
803 3295 1005 3381 primordiis,
1029 3317 1110 3381 quae
1134 3295 1212 3360 dura
1235 3295 1314 3378 sint,
1338 3296 1415 3381 quia

190 3421 256 3479 tam
280 3413 334 3478 diu
356 3414 420 3478 iam
442 3413 610 3478 immutata
633 3413 782 3478 existant.
817 3413 965 3498 Denique
988 3413 1162 3477 secundum
1186 3419 1287 3477 certas
1309 3414 1414 3497 leges,

190 3554 248 3619 per
273 3530 421 3614 ,foedera
441 3531 588 3596 naturai”
612 3552 722 3595 omnes
741 3552 793 3594 res
818 3536 964 3595 crescunt
986 3531 1042 3613 ita,
1065 3536 1110 3613 ut,
1135 3530 1276 3616 exempli
1299 3531 1413 3614 gratia,

189 3649 322 3714 eaedem
356 3669 431 3712 aves
465 3669 590 3733 semper
612 3648 726 3712 iisdem
748 3648 873 3713 niteant
896 3647 1074 3730 coloribus,
1104 3647 1204 3733 quod,
1237 3669 1309 3711 cum
1331 3649 1415 3712 1111-

189 3789 257 3851 111,
291 3767 410 3852 figura,
444 3765 636 3851 magnitudo
653 3766 814 3852 pendeant
842 3766 882 3829 ab
902 3765 1012 3830 ordine
1042 3771 1241 3848 atomorum,
1264 3766 1333 3830 fieri
1349 3787 1415 3829 non

189 3891 313 3971 posset,
336 3885 398 3949 nisi
421 3890 528 3949 essent
550 3889 657 3970 partes
673 3883 828 3969 quaedam
843 3882 1059 3947 immutabiles
1072 3881 1107 3966 3),
1131 3904 1149 3947 1
1173 3884 1286 3970 quibus
1304 3904 1415 3948 omnes

222 4044 240 4105 ¹)
275 4043 308 4092 D.
327 4044 356 4092 L.
374 4043 417 4103 X,
435 4045 475 4091 41.

221 4139 241 4197 ²)
275 4138 307 4188 D.
325 4138 354 4188 L.
372 4138 412 4198 X,
431 4141 478 4187 56:
497 4136 557 4187 ὥστ’
576 4137 606 4186 111
625 4138 704 4200 μόνον
722 4139 770 4197 τὴν
787 4135 821 4194 εἰς
833 4138 940 4200 ἄπειρον
952 4139 1034 4200 τομὴν
1047 4138 1089 4187 ἐπὶ
1100 4138 1248 4188 τοΰλαττον
1260 4136 1415 4201 ἀναιρετέον,

188 4234 233 4285 Ιι’να
258 4235 291 4297 μή
308 4234 385 4284 πάντ’
405 4235 501 4294 ἀσθενῆ
518 4237 629 4294 ποιῶμεν
646 4235 688 4282 καὶ
705 4233 739 4290 ὡς
755 4232 783 4282 ἐν
801 4235 859 4288 ταῖς
876 4230 1028 4296 περιλήψεσι
1046 4238 1097 4283 τῶν
1114 4234 1217 4297 ἁθρόων
1235 4232 1268 4291 εἰς
1286 4237 1315 4284 τὸ
1332 4233 1366 4294 μὴ
1383 4232 1415 4282 ὃν

190 4331 394 4396 ἀναγκαζώμεθα
412 4332 443 4380 τὰ
460 4329 524 4380 ὄντα
542 4328 679 4392 θλίβοντες
697 4329 907 4387 καταναλίσκειν,
926 4331 983 4376 cett.

222 4426 241 4486 ²,
277 4425 309 4474 D.
329 4425 358 4474 L.
376 4423 415 4484 X,
433 4427 477 4472 43:
497 4423 618 4490 οὐδὲγὰρ
635 4425 713 4489 φησὶν
730 4422 867 4487 ἐνδοτέρω,
886 4423 919 4482 εἰς
936 4425 1044 4486 ἄπειρον
1061 4422 1076 4483 ἡ
1093 4423 1156 4486 τομὴ
1174 4424 1309 4488 τυγχάνει,
1328 4422 1415 4484 ἐπειδὴ

189 4522 215 4573 αἱ
232 4521 367 4581 ποιότητες
383 4518 610 4583 μεταβάλλονται,
629 4520 649 4568 α’
665 4520 699 4583 μὴ
717 4519 804 4583 μέλλει
821 4520 920 4577 recreat
937 4522 992 4577 ταῖς
1007 4519 1138 4584 μεγέθεσιν
1155 4520 1245 4578 ἁπλῶς
1262 4518 1296 4578 εἰς
1307 4520 1416 4582 ἄπειρον

192 4617 273 4673 αὑτὰς
290 4614 433 4679 ἐκβάλλειν.
