3196 5160
777 331 837 394 132

187 539 330 621 tempore
352 533 386 597 id
407 533 464 617 fit,
487 533 632 598 mirabile
652 538 801 615 nonest,
818 533 967 618 quoniam
982 534 1084 597 multa
1102 532 1196 597 certis
1211 532 1412 617 temporibus

185 651 255 716 fieri
287 650 443 716 videmus.
487 650 579 714 Idem
613 650 772 735 Epicurus
803 649 900 732 dicit,
936 650 1041 713 minus
1064 650 1183 735 pulcris
1206 655 1315 714 tamen
1339 670 1413 713 ver-

185 767 292 846 bis¹):
330 767 482 834 ἀνατολαὶ
521 772 569 832 καὶ
606 763 710 842 δύσεις
744 767 837 843 ἡλίου
873 771 920 832 καὶ
956 766 1093 846 σελήνης
1128 771 1175 831 καὶ
1198 771 1262 832 τῶν
1285 765 1414 832 λοιπῶν

186 885 312 972 ἄστρων
335 890 382 950 καὶ
406 885 470 951 κατ’
494 885 610 969 ἄναψιν
632 887 778 970 γίνεσθαι
801 881 948 949 δύνανται
972 889 1019 949 καὶ
1045 885 1121 950 κατὰ
1144 883 1279 969 σβέσιν,
1307 886 1415 948 τοιαύ-

186 1031 243 1078 της
276 1000 375 1078 οὔσης
404 1003 615 1087 περιστάσεως
640 1003 713 1087 (qua
736 1000 883 1084 extingui
907 1005 939 1064 et
962 1000 1093 1064 accendi
1115 1002 1234 1086 possit:
1257 1022 1305 1064 vs.
1331 1002 1414 1083 660,

187 1120 240 1197 61)
273 1166 411 1181 .....
446 1118 510 1183 κατ’
537 1118 705 1204 ἐμφάνειαν
740 1119 771 1182 θ’
789 1120 864 1203 ὑπὲρ
899 1128 959 1203 γῆς
984 1124 1031 1183 καὶ
1056 1118 1155 1184 πάλιν
1178 1120 1414 1204 serapoeum

186 1238 222 1302 τὸ
246 1238 470 1321 προειρημένον
494 1232 610 1301 δύναιτ’
627 1235 666 1300 ἄν
689 1235 915 1301 σνντελεῖσθαι.

230 1342 354 1416 Eadem
388 1351 468 1416 haec
498 1357 658 1437 postrema
691 1350 879 1437 hypothesis
910 1351 1072 1437 explicare
1105 1357 1229 1437 potest,
1264 1373 1321 1416 cnr
1345 1351 1414 1416 dies

186 1474 329 1534 crescant
352 1474 385 1533 et
405 1468 612 1550 minuantur,
636 1489 709 1531 cum
731 1468 869 1553 impares
892 1466 954 1530 sint
978 1467 1087 1531 circuli
1111 1474 1238 1553 partes,
1262 1490 1342 1554 quas
1366 1470 1414 1532 sol

185 1606 281 1672 supra
313 1591 432 1650 terram
462 1585 619 1649 describat
653 1591 685 1648 et
714 1585 852 1670 impares
882 1605 1008 1671 quoque
1043 1605 1125 1670 quae
1162 1584 1220 1648 sub
1243 1590 1330 1649 terra
1353 1586 1414 1649 cir-

185 1702 248 1766 culi
281 1702 406 1766 iaceant
439 1707 567 1788 partes,
602 1722 640 1765 ea
671 1701 811 1783 ratione,
845 1705 882 1764 ut
912 1707 1019 1786 partes
1051 1701 1109 1764 sub
1132 1707 1218 1764 terra
1248 1707 1280 1765 et
1303 1707 1414 1786 partes

185 1818 364 1905 superiores
398 1817 548 1903 deinceps
582 1817 716 1882 circulos
749 1824 833 1882 totos
866 1819 1070 1882 constituant.
1122 1818 1203 1883 Oum
1232 1824 1341 1882 autem
1364 1821 1415 1883 sol

185 1956 223 2000 eo
256 1936 365 2019 venit,
399 1935 455 2000 ubi
487 1935 618 2020 signifer
653 1935 737 1999 orbis
763 1936 816 1998 vel
840 1935 994 1999 Zodiacus
1017 1941 1103 1999 secat
1126 1936 1280 2027 circulum
1303 1937 1415 2023 aequi·

183 2053 376 2136 noctialem,
400 2053 485 2139 quod
507 2058 662 2138 punctum
690 2053 784 2134 ,anni
806 2052 945 2117 nodum”
970 2053 1110 2138 appellat
1125 2054 1312 2135 Lucretius,
1336 2056 1415 2135 (non

183 2175 338 2234 memorat
371 2175 482 2234 tamen
520 2169 598 2234 duos
634 2190 703 2234 esse
731 2169 886 2233 eiusmodi
908 2169 1024 2253 nodos,
1061 2169 1094 2232 id
1116 2171 1241 2254 siquam
1264 2170 1342 2234 dicit
1365 2192 1414 2235 vs.

185 2287 246 2350 687
270 2307 347 2372 pro:
368 2287 423 2350 'iis
447 2287 580 2370 siquis),
611 2291 680 2350 tum
706 2291 855 2371 „propter
878 2285 1021 2369 signiferi
1044 2286 1218 2370 posituram
1241 2287 1340 2349 totius
1364 2307 1415 2349 or-

183 2402 264 2484 bis”,
288 2403 342 2489 qui
365 2402 411 2468 ita
434 2408 482 2466 est
505 2404 648 2489 positus,
682 2410 718 2467 ut
741 2404 811 2488 pari
834 2404 1001 2467 intervallo
1026 2404 1275 2489 septentrionem
1298 2424 1415 2467 versus

184 2517 223 2581 de
257 2518 376 2582 circulo
411 2518 637 2605 aequinoctiali
671 2518 809 2582 declinet
833 2524 927 2604 atque
949 2519 1117 2582 meridiem
1138 2539 1267 2600 versus,
1298 2519 1414 2582 circuli

184 2640 291 2720 partes
314 2656 410 2720 supra
432 2641 551 2699 terram
574 2642 606 2699 et
628 2635 709 2699 infra
732 2636 812 2699 sitae
836 2642 909 2699 sunt
931 2656 1043 2720 pares,
1071 2656 1164 2720 pares
1187 2655 1312 2721 quoqne
1336 2657 1414 2699 noc-

183 2757 232 2815 tes
265 2752 393 2839 diesque
410 2754 445 2831 2).
479 2791 518 2798 -
552 2753 630 2816 Dies
664 2773 806 2817 crescere
838 2759 870 2817 et
902 2753 1005 2816 'minui
1037 2753 1134 2816 etiam
1157 2753 1230 2815 inde
1254 2752 1414 2837 explicari

183 2874 305 2954 potest,
330 2869 415 2955 quod
437 2869 572 2934 hiberno
606 2875 750 2956 tempore
786 2870 919 2934 crassior
943 2876 991 2934 est
1014 2870 1108 2933 certis
1131 2870 1165 2932 in
1188 2870 1331 2955 partibus
1356 2892 1414 2934 aer

183 2985 291 3072 itaque
326 2988 424 3051 solem
459 2987 614 3072 impedit,
649 2988 818 3074 quominus
853 2992 996 3071 emergat
1030 2986 1070 3050 ad
1093 2993 1197 3068 ortus,
1232 2987 1411 3051 autetiam

183 3102 258 3189 quia
280 3103 411 3168 alternis
434 3105 676 3189 partibusanni
698 3105 783 3189 ignis
811 3105 954 3187 semina,
986 3103 1025 3167 de
1048 3103 1164 3190 quibus
1187 3124 1282 3188 supra
1304 3124 1413 3169 sermo

184 3226 275 3303 erat,
310 3222 431 3285 tardius
462 3223 515 3286 vel
547 3223 642 3285 citius
669 3224 829 3287 confluere
852 3227 1043 3285 consuerunt
1059 3222 1094 3303 3).
1139 3221 1233 3284 Prius
1255 3220 1415 3305 placitum

183 3337 396 3403 Anaximenis
431 3361 499 3404 esse
533 3339 680 3423 videtur,
715 3339 799 3425 quod
822 3361 839 3403 e
862 3340 931 3403 loco
955 3361 1050 3424 supra
1077 3341 1159 3423 (pag.
1187 3338 1414 3421 130)1audat0

183 3462 283 3542 patet,
307 3478 379 3520 cum
396 3478 456 3543 quo
475 3456 664 3521 conferenda
679 3457 777 3521 verba
792 3455 957 3520 Plutarchi
973 3459 1016 3538 4);
1042 3458 1179 3540 cattorp
1203 3453 1414 3538 Ἀναξιμένης

185 3578 202 3640 ὁ
236 3574 373 3651 παλαιὸς
404 3575 501 3662 ᾤετο,
535 3578 611 3657 μήτε
642 3576 678 3640 τὸ
709 3576 840 3661 ψυχρὸν
863 3578 895 3639 ἐν
919 3575 1012 3658 οὐσίᾳ
1033 3577 1107 3654 μήτε
1129 3573 1164 3636 τὸ
1188 3572 1306 3656 θερμὸν
1329 3574 1415 3638 ἀπο-

184 3691 359 3775 λείπωμεν,
383 3691 469 3757 ἀλλὰ
493 3693 581 3768 πάθη
605 3693 692 3757 κοινὰ
715 3703 771 3766 τῆς
795 3690 875 3768 ὕλης
899 3691 1096 3776 ἐπιγινόμενα
1112 3698 1179 3767 ταῖς
1193 3686 1413 3773 μεταβολαῖς·

184 3811 220 3876 τὸ
255 3812 317 3898 γὰρ
350 3810 607 3894 συστελλόμενον
630 3811 728 3886 αὐτῆς
751 3813 799 3874 καὶ
823 3811 1039 3890 πυκνούμενον
1061 3808 1190 3891 ψυχρὸν
1212 3805 1291 3870 εἶναί
1313 3819 1414 3891 φησι,

187 4024 356 4034 -ι

218 4131 238 4196 ¹)
274 4131 308 4180 D.-
324 4131 353 4180 L.
372 4129 406 4179 X.
424 4133 462 4179 92.

215 4225 236 4290 2)
271 4225 344 4274 Lucr.
361 4225 399 4286 V,
418 4227 537 4274 680-95.
551 4224 614 4274 (lum
626 4223 711 4273 Munr.
725 4222 837 4273 codicum
847 4221 965 4272 lectiones
976 4227 1062 4272 contra
1073 4223 1175 4272 Lachm.
1188 4221 1299 4271 delendo.
1318 4221 1413 4272 Fateor

183 4335 222 4369 me
238 4335 289 4369 non
300 4319 458 4384 intellegere,
476 4319 521 4384 qui
540 4324 640 4384 propter
652 4318 764 4384 signiferi
775 4318 840 4368 orbis
851 4316 976 4382 obliquam
986 4317 1140 4380 posituram,
1160 4315 1177 4368 i.
1195 4331 1216 4364 e.
1233 4319 1335 4379 propter
1347 4315 1412 4366 obli·

182 4411 302 4477 quitatem
326 4412 436 4474 zodiaci,
462 4413 499 4464 sol
524 4414 598 4463 flatus
618 4412 741 4477 aquilonis
765 4416 790 4462 et
806 4411 883 4462 austri
900 4409 1017 4461 distinere
1033 4410 1111 4474 possit
1127 4409 1207 4459 medio
1225 4424 1315 4470 cursu,
1343 4411 1411 4474 quod

182 4505 286 4557 Lachm.
303 4506 368 4559 vult.
766 4507 768 4513 '

215 4601 236 4665 ³)
274 4600 314 4652 Vs.
332 4601 469 4654 oso-704.

215 4696 235 4761 ⁴)
271 4697 310 4748 Pr.
327 4696 384 4762 frig.
403 4699 433 4758 7,
452 4701 473 4746 3.
491 4712 547 4760 pag.
568 4698 623 4749 947.
