3196 5160
756 290 795 352 79

161 489 254 554 nobis
286 490 468 554 viventibus
498 491 685 575 contingant
714 493 827 575 malis,
861 514 1024 578 nunquam
1047 499 1196 558 conatum
1220 514 1288 558 esse
1313 515 1388 559 ean-

65 598 68 602 ’
164 607 236 671 dem
277 607 463 672 methodum
508 609 678 692 adhibere,
721 616 758 672 ut
805 610 961 694 originem
999 611 1157 696 opinionis
1194 611 1234 675 de
1272 612 1394 676 animo·

163 746 233 788 rum
254 725 493 789 immortalitate
516 725 671 790 indicaret
694 733 726 790 et
750 727 948 812 explicaret,
971 733 1008 790 ut
1031 728 1075 791 sio
1100 748 1170 791 eam
1193 726 1306 791 falsam
1324 749 1392 792 esse

165 842 402 907 demonstraret.
455 843 503 906 Eo
530 843 632 926 magis
655 842 715 906 hoc
738 844 908 926 miramur,
931 844 1081 929 quoniam
1104 845 1130 908 Ι.
1158 847 1241 926 132,
1265 845 1325 908 IV.
1351 848 1392 910 33

164 965 196 1024 et
222 960 320 1043 alibi,
352 960 507 1046 imprimis
530 967 639 1024 autem
661 960 702 1023 V.
729 963 768 1024 62
795 961 871 1043 ,sed
893 962 1062 1026 simulacra
1085 963 1187 1025 solere
1211 962 1393 1026 insomnis

163 1075 272 1139 fallere
287 1083 445 1159 mentem,
469 1097 599 1140 cernere
634 1098 705 1139 cum
729 1077 895 1141 videamur
918 1098 1008 1160 eum,
1031 1098 1127 1164 quem
1150 1078 1218 1142 vita
1240 1078 1392 1164 reliquit’'

164 1199 196 1255 et
207 1193 267 1256 IV.
277 1196 343 1271 ⁴732
370 1242 404 1274 ,.
424 1242 456 1256 ..
480 1193 701 1257 videmus...
725 1194 955 1280 simulacraque
979 1215 1109 1277 eorum,
1133 1216 1267 1281 quorum
1289 1202 1392 1261 morte

164 1311 251 1376 obita
273 1312 368 1376 tellus
391 1309 593 1397 amplectitur
616 1311 729 1393 ossa’',
753 1312 912 1376 elementa
935 1312 1089 1376 eiusmodi
1104 1313 1389 1398 argumentationis

162 1427 351 1492 invenimus.
396 1429 545 1493 FortaSse
569 1430 722 1493 siminus
746 1437 892 1493 accurate
916 1438 949 1494 et
971 1431 1062 1516 quasi
1083 1430 1249 1494 humiliter
1270 1431 1389 1516 Epicu-

162 1565 233 1608 rum
267 1552 395 1609 secutus
430 1552 534 1629 esset,
569 1567 631 1632 quo
662 1547 758 1611 etiam
780 1547 900 1611 factum
923 1554 971 1611 est
994 1555 1030 1612 ut
1053 1547 1204 1634 physicae
1228 1548 1389 1613 doctrinae

163 1662 247 1726 viam
270 1663 326 1727 vix
349 1669 404 1727 aut
427 1686 589 1750 nunquam
611 1664 797 1750 reliquerit,
820 1665 889 1750 ipse
912 1671 1025 1751 poeta,
1049 1666 1103 1752 qui
1126 1666 1225 1730 animi
1247 1666 1386 1730 motibus

165 1784 196 1842 et
219 1778 409 1864 impulsibus
431 1786 556 1843 tantum
571 1780 667 1845 studii
685 1780 878 1866 impenderit
898 1780 936 1865 ¹),
959 1781 1083 1847 facilius
1098 1783 1132 1848 in
1144 1782 1204 1848 hoc
1221 1804 1390 1867 argumen-

162 1900 231 1958 tum
252 1895 424 1960 incidisset.

166 2125 348 2135 --.

193 2264 212 2328 ¹)
247 2263 286 2314 cf.
303 2265 410 2328 exempli
425 2266 506 2330 gratia
520 2266 621 2317 initium
637 2268 695 2318 libri
713 2268 742 2319 II
759 2276 784 2320 et
800 2270 862 2331 VL,
881 2273 937 2323 593.
