3196 5160
781 309 843 371 125

202 504 377 594 Epicurum
411 509 497 573 idem
529 509 648 574 dixisse
671 510 705 573 in
727 510 808 575 libro
831 509 998 574 undecimo
1022 515 1090 596 περὶ
1115 513 1258 596 cicccc:
1293 515 1316 576 εἰ
1340 513 1425 597 γὰρ,

203 631 297 709 φησί,
320 628 356 692 τὸ
379 631 514 712 μέγεθος
539 625 588 694 διὰ
612 630 648 693 τὸ
673 626 824 707 διάστημα
847 626 1082 713 ἀπεβεβλήκει,
1106 627 1222 713 πολλῷ
1245 626 1283 692 ἂν
1299 628 1428 709 μᾶλλον

203 745 258 818 τὴν
293 747 406 830 χρόαν.
452 744 579 808 Deinde
611 745 740 830 pergit:
771 745 856 810 ἄλλο
880 747 942 830 γὰρ
966 749 1066 830 τούτῳ
1090 748 1340 830 συμμετρότερον
1364 745 1427 813 διά·

203 889 302 942 στημα
324 864 419 928 οὐδέν
443 867 523 945 ἐστι,
547 865 622 929 κατὰ
647 861 678 929 δὲ
701 864 737 927 τὸ
761 863 825 928 κατ’
849 863 925 927 αὐτὸ
949 852 1017 939 ήτοι
1032 862 1142 945 μεῖζον
1158 869 1214 928 τοῦ
1231 865 1425 949 ὁρωμένονή

202 975 334 1044 ἔλαττον
360 984 458 1064 μικρῷ
481 979 499 1054 ἢ
523 978 711 1055 τηλικοῦτον
734 979 847 1054 ἡλίκον
872 983 980 1063 ὁρᾶται
1005 1001 1011 1014 ·
1036 980 1118 1044 οὕτω
1142 982 1204 1065 γὰρ
1229 984 1277 1045 καὶ
1301 981 1336 1045 τὰ
1355 981 1427 1064 παρ’

199 1093 275 1176 ἡμῖν
297 1096 380 1178 παρὰ
406 1093 439 1168 ἐξ
461 1097 685 1175 ἀποστήματος
709 1098 910 1178 θεωροήμενα
929 1097 1003 1160 κατὰ
1022 1097 1079 1172 τὴν
1094 1095 1242 1172 αἴσθησιν
1257 1101 1427 1181 θεωρεῖται.

195 1207 291 1274 Idem
326 1204 434 1276 censet
469 1213 658 1276 Lucretius:
697 1233 774 1294 „nec
805 1213 904 1276 nimio
932 1213 1006 1276 solis
1029 1213 1129 1277 maior
1151 1220 1221 1278 rota
1243 1235 1302 1279 nec
1324 1215 1428 1278 minor

189 1328 295 1391 ardor
319 1329 430 1415 (χρόα)
455 1351 523 1393 esse
547 1335 669 1414 potest,
700 1330 815 1392 nostris
838 1350 933 1414 quam
957 1329 1100 1392 sensibus
1124 1349 1193 1393 esse
1215 1330 1344 1394 videtur
1362 1327 1445 1413 1)”;’
1487 1375 1489 1380 ·

185 1443 233 1509 de
269 1446 347 1510 luna
376 1446 460 1510 idem
479 1446 648 1510 dicendum
673 1452 741 1528 est,
769 1447 855 1528 ,sive
883 1446 981 1509 notho
1009 1446 1112 1509 fertur
1139 1417 1356 1512 loca‘lumine
1380 1449 1428 1511 lu·

181 1569 305 1626 straus
318 1562 360 1646 ²),
398 1564 465 1627 sive
499 1586 588 1628 suam
622 1565 750 1649 proprio
783 1565 881 1629 iactat
904 1563 943 1627 de
966 1585 1097 1649 corpore
1119 1564 1245 1628 luoem’'
1258 1561 1292 1642 ³).
1337 1565 1428 1630 Idem

175 1675 380 1764 Epicurus:
417 1681 458 1746 ἔτι
489 1682 514 1744 τ’
527 1679 682 1766 ἐνδέχεται
715 1683 773 1757 τὴν
806 1681 945 1756 σελήνην
976 1678 1009 1754 ἐξ
1042 1684 1151 1756 ἑαυτῆς
1175 1682 1258 1768 ’ἔχειν
1280 1684 1317 1747 τὸ
1341 1689 1427 1769 φῶς,

174 1794 356 1882 ἐνδέχεται
380 1794 411 1862 δὲ
436 1802 483 1862 καὶ
508 1798 651 1862 ἀπὸτοῦ
675 1796 769 1872 ἡλίου
778 1794 814 1880 4).
860 1795 1097 1880 Argumentum
1113 1796 1205 1860 affert
1229 1796 1315 1860 idem
1330 1803 1427 1884 atque

172 1909 380 1998 Epicurus,
403 1935 449 1977 vs.
474 1916 557 1977 581:
594 1935 675 2000 „qua
697 1920 827 1999 propter
842 1914 919 1976 luna
934 1934 1064 1977 necesse
1081 1920 1146 1996 est,
1171 1914 1426 2000 quandoquidem

171 2031 320 2094 claram
342 2032 480 2116 speciem
504 2037 685 2116 certamque
709 2031 844 2115 figuram
866 2031 1021 2116 praebet,
1059 2037 1095 2094 ut
1118 2037 1166 2094 est
1189 2032 1252 2095 oris
1275 2033 1428 2097 extremis

170 2168 337 2234 cumque
367 2154 477 2212 notata
510 2155 692 2234 quantaque
723 2155 872 2234 quantast
893 2146 969 2212 hinc
992 2148 1083 2211 nobis
1105 2146 1251 2211 videatur
1274 2148 1308 2212 in
1331 2150 1428 2214 alto.'’

169 2267 242 2331 Τὰ
273 2266 347 2351 παρ’
370 2268 445 2347 ἡμῖν
467 2269 551 2350 πήρα
574 2266 719 2328 invenies
741 2286 787 2327 vs.
812 2267 874 2329 585
898 2285 1004 2350 seqq:
1053 2270 1231 2350 ,postremo
1248 2287 1327 2352 quos
1344 2289 1429 2332 cum·

150 2378 263 2470 ‘que
299 2381 388 2445 vides
421 2381 496 2445 hinc
531 2382 669 2446 aetheris
702 2384 810 2466 ignes,
845 2382 1100 2468 quandoquidem
1124 2405 1202 2468 quos
1237 2405 1373 2470 cumque
1396 2387 1429 2449 in

167 2501 296 2565 terris
337 2500 489 2564 cernimu’
525 2502 632 2585 ι’ριιια,
670 2500 745 2564 dum
774 2507 893 2564 tremor
927 2507 973 2564 cst
1008 2500 1132 2584 clarus,
1176 2501 1252 2565 dum
1291 2504 1431 2566 cernitur

166 2617 296 2682 ardor
326 2638 456 2701 corum,
498 2639 688 2704 perparvom
718 2618 869 2704 quiddam
899 2619 983 2681 inter
1014 2618 1089 2681 dum
1119 2625 1245 2683 mutare
1279 2620 1430 2686 videntur

168 2738 336 2800 alteram
358 2742 463 2799 utram
486 2737 520 2798 in
545 2742 669 2821 partem
693 2736 804 2819 filum,
828 2758 890 2822 quo
916 2736 1043 2819 longius
1070 2736 1206 2820 absunt,
1243 2738 1322 2802 scire
1353 2739 1430 2804 licet

168 2873 356 2940 perquam
385 2853 529 2938 pauxillo
560 2874 652 2938 posse
686 2853 825 2917 minores
860 2873 928 2916 esse
962 2854 1014 2917 vel
1045 2853 1164 2937 exigua
1186 2854 1314 2919 maioris
1336 2863 1427 2942 parte

170 2969 387 3056 lrrevique.’'

242 3089 428 3153 Postremus
450 3087 507 3151 hos
531 3109 641 3151 versus
653 3107 777 3173 quoque
792 3087 887 3171 plane
903 3108 976 3150 cum
991 3087 1124 3173 Epicuri
1139 3091 1245 3154 verbis
1261 3091 1428 3157 concinere

175 3207 296 3272 facile
322 3211 465 3292 apparet.
495 3205 594 3290 Apud
610 3205 798 3269 Lucretium
814 3210 923 3268 tamen
940 3205 1100 3271 distinctio
1113 3207 1187 3271 solis
1199 3209 1428 3292 magnitudinis

183 3327 277 3393 κατὰ
309 3329 365 3406 μὲν
386 3326 423 3389 τὸ
446 3327 529 3409 πρὸς
552 3325 633 3404 ἡμᾶς
657 3328 690 3386 et
712 3324 787 3389 κατὰ
810 3325 847 3388 τὸ
871 3324 934 3389 κατ’
959 3324 1035 3389 αὐτὸ
1058 3346 1122 3388 non
1145 3325 1324 3410 invenitur,
1356 3348 1428 3391 cum

186 3448 311 3507 autem
345 3439 427 3505 hano
451 3439 686 3504 distinctionem
708 3440 911 3524 neglexerit,
946 3461 1015 3504 rem
1037 3442 1188 3505 turbavit.
1232 3443 1320 3508 Dicit
1343 3445 1429 3508 enim

206 3581 284 3642 „nec
312 3560 408 3623 nimio
432 3559 506 3622 solis
528 3560 628 3623 maior
651 3564 720 3623 rota
742 3579 802 3621 nec
824 3558 927 3621 minor
949 3558 1042 3623 ardor
1065 3581 1133 3623 esse
1157 3566 1282 3646 potest,
1313 3563 1429 3626 nostris

193 3699 300 3763 quam
322 3677 466 3742 sensibus
489 3697 558 3741 esse
581 3677 728 3740 videtur”
753 3678 852 3759 (564,
882 3678 946 3754 65).
977 3676 1064 3760 Ergo
1087 3684 1219 3762 possunt
1242 3700 1311 3742 esse
1333 3679 1428 3764 paulo

186 3795 327 3859 :ninom
348 3795 400 3858 vel
420 3795 560 3877 maiora,
592 3794 676 3879 quod
692 3815 738 3858 vs.
756 3796 839 3876 594,
864 3796 905 3857 95
919 3793 1097 3877 affirmant,
1123 3801 1278 3859 ettamen
1295 3795 1371 3860 dicit
1387 3796 1426 3861 de

184 3911 285 3977 mole:
314 3911 434 3993 „videri
445 3912 491 3974 nil
506 3911 585 3976 adeo
600 3917 637 3975 ut
652 3912 753 3997 possis
763 3912 841 3997 plus
851 3917 907 3975 aut
921 3911 1025 3975 minus
1041 3911 1174 3996 addere,
1197 3914 1294 3976 vere”
1315 3916 1403 3998 (574)
1418 3963 1426 3997 ,

146 4167 255 4228 lag.
285 4165 333 4212 353
358 4178 387 4213 sc
409 4163 504 4213 addunt
519 4163 551 4212 cd
566 4163 656 4223 verba,
680 4178 743 4227 quae
759 4162 893 4212 laudantur
910 4177 923 4211 e
940 4161 1003 4211 libro
1021 4160 1060 4210 XI
1079 4163 1137 4224 περὶ
1153 4161 1266 4226 citatur:
1286 4161 1329 4211 sed
1344 4177 1425 4226 neque

138 4247 225 4302 8Ῐο
251 4257 379 4309 contentia
394 4263 460 4307 recte
476 4257 601 4321 procedit:
621 4258 692 4308 credo
709 4258 829 4322 quaedem
846 4255 973 4306 excidisse.

220 4350 252 4411 ι)
289 4349 332 4400 Vs.
350 4353 397 4400 564
414 4367 481 4415 seqq.

215 4443 254 4512 2)
292 4444 335 4495 Vs.
352 4447 408 4498 575.
443 4445 483 4494 Ite
500 4445 607 4510 Pythag.
627 4445 669 4510 (D.
687 4446 716 4495 L.
735 4443 822 4504 VIII,
841 4444 891 4508 27.)
909 4442 1081 4504 Democritus,
1099 4443 1150 4492 clii

213 4539 254 4604 ἶ3)
291 4540 334 4614 Vs.
352 4542 408 4593 676.
442 4540 483 4590 Sic
501 4540 643 4591 Heraclitus
677 4540 752 4600 (Piut.
769 4540 832 4603 plac.
850 4539 888 4589 II.
907 4540 948 4603 28)
965 4538 1064 4604 aliique.

214 4635 257 4700 ¹)
293 4635 325 4685 D.
342 4636 373 4685 L.
389 4637 421 4685 X.
440 4639 479 4685 94.
