3196 5160
715 297 735 360 4

113 500 297 566 dialecticae
320 500 396 564 artis
418 500 519 582 natis,
543 501 670 564 illorum
693 501 810 586 scripta
833 521 992 585 superare.
1039 501 1113 564 Non
1137 501 1178 564 ad
1200 507 1341 586 systema

112 619 244 704 Epicuri
267 617 323 682 sed
338 617 379 681 ad
395 617 544 698 formam,
568 639 630 702 qua
646 617 856 702 exprimitur,
881 617 1044 681 Ciceronis
1059 618 1158 681 verba
1173 618 1340 682 referenda

112 742 195 800 sunt.
241 735 276 799 Si
302 740 433 820 propter
456 735 555 819 ipsius
578 735 761 819 systematis
788 734 975 799 facilitatem
998 734 1170 798 multitudo
1192 735 1239 798 ad
1263 735 1340 821 Epi-

112 854 179 917 curi
203 852 378 916 doctrinam
402 873 435 915 se
459 852 611 933 contulit,
635 873 692 914 cur
714 853 781 937 ipse
805 852 975 914 Lucretius
995 852 1135 936 loquitur
1152 851 1191 915 de
1211 852 1340 933 „obscu-

111 972 154 1035 ris
165 970 321 1056 repertis”
339 970 490 1051 „obscura
504 968 542 1032 dc
555 970 610 1032 re'’
624 969 693 1050 (IV.
708 971 740 1052 8)
755 1019 763 1050 ,
787 972 842 1054 qui
858 968 1049 1032 contendere
1063 975 1188 1053 potest:
1209 970 1340 1052 „volgus

111 1087 261 1152 abhorret
276 1087 316 1150 ab
333 1085 438 1149 hac”?
457 1085 528 1168 (IV.
546 1087 612 1167 20).
627 1123 667 1131 —
684 1086 923 1168 Argumentum
946 1106 964 1147 e
987 1085 1152 1170 voluptate
1177 1093 1339 1171 sumptum

111 1226 236 1292 quoque
271 1205 366 1268 inane
402 1209 459 1267 est.
504 1203 554 1267 De
589 1203 657 1288 ipso
688 1202 828 1288 Epicuro
864 1203 974 1266 Cicero
999 1203 1118 1266 fatetur
1140 1225 1204 1267 non
1228 1205 1339 1287 negari

110 1344 203 1408 posse
237 1343 310 1384 eum
341 1326 374 1384 et
407 1320 525 1383 bonum
559 1320 664 1382 virum
695 1326 727 1382 et
751 1341 874 1383 comem
897 1326 929 1383 et
951 1320 1128 1384 humanum
1150 1320 1282 1403 fuisse1)
1307 1326 1339 1384 ct

110 1446 221 1525 postea
244 1438 388 1502 addidit:
416 1438 503 1522 „ipse
527 1437 628 1500 bonus
651 1437 701 1499 vir
723 1437 784 1499 fuit
807 1444 839 1501 et
862 1438 955 1501 multi
979 1438 1131 1523 Epicurei
1154 1444 1186 1501 et
1209 1439 1339 1501 fuerunt

110 1563 143 1620 et
178 1556 273 1621 hodie
307 1561 381 1619 sunt
415 1560 448 1618 et
482 1554 516 1616 in
538 1554 686 1617 amicitiis
709 1553 819 1617 fideles
843 1560 875 1617 ct
898 1555 930 1616 in
954 1555 1040 1618 omni
1065 1556 1132 1620 vita
1156 1562 1338 1619 constantes

110 1680 143 1739 et
178 1695 291 1759 graves
325 1694 384 1736 uec
407 1673 571 1757 voluptate
595 1671 651 1734 sed
674 1670 775 1735 officio
799 1672 931 1736 consilia
953 1672 1175 1737 moderantes”
1192 1669 1231 1757 2);
1256 1672 1338 1736 hano

109 1789 238 1856 laudem
272 1795 381 1853 autem
415 1787 465 1850 his
500 1788 605 1852 verbis
627 1788 764 1850 minuit:
804 1787 901 1868 „mihi
924 1788 1074 1852 videntur
1097 1789 1201 1854 facere
1224 1789 1338 1852 melius

109 1921 205 1994 quam
230 1907 367 1971 dicere”.
404 1906 468 1970 Sed
491 1912 599 1969 tamen
622 1907 666 1969 sic
690 1927 815 1992 quoque
840 1912 944 1970 errat:
968 1928 1073 1992 neque
1097 1909 1182 1971 enim
1205 1907 1338 1992 Epicuri

110 2025 253 2089 doctrina
275 2023 425 2088 libidines
449 2029 481 2087 et
503 2024 664 2087 luxuriam
681 2024 903 2089 commendare
920 2025 1066 2089 videtur:
1092 2027 1129 2091 οὐ
1146 2027 1208 2111 γὰρ
1223 2029 1336 2102 πότοι,

111 2143 235 2227 inquit,
265 2147 313 2209 καὶ
338 2147 433 2224 κῶμοι
457 2145 655 2226 συνείροντες
678 2140 745 2208 οὐδ’
769 2143 960 2220 ἀπολαύσεις
976 2143 1097 2210 παίδων
1114 2150 1161 2208 καὶ
1179 2150 1337 2230 γυναικῶν

111 2257 178 2326 οὐδ’
212 2263 337 2346 ἰχθύων
373 2264 420 2323 καὶ
452 2264 515 2323 τὼν
546 2258 675 2340 ἄλλων,
700 2263 759 2324 ὅσα
783 2264 863 2345 φέρει
887 2260 1068 2336 πολυτελὴς
1091 2261 1251 2346 τράπεζα,
1281 2263 1337 2326 τὸν

111 2374 189 2453 ἡδὺν
217 2382 316 2462 γεννᾷ
338 2374 438 2460 βίον,
468 2375 554 2440 ἀλλὰ
578 2379 687 2461 νήφων
711 2375 870 2460 λογισμὸς
893 2382 940 2441 καὶ
965 2379 1022 2451 τὰς
1045 2381 1146 2451 αἰτίας
1170 2376 1337 2463 ἐξερευνῶν

110 2495 215 2574 πάσης
239 2496 385 2578 αἱρέσεως
410 2496 457 2557 καὶ
482 2501 586 2578 φυγῆς
610 2496 657 2557 καὶ
681 2491 738 2566 τας
762 2489 859 2568 δόξας
883 2491 1074 2575 ἐξελαύνων,
1098 2495 1150 2579 ἀφ’
1167 2498 1211 2559 ὧν
1227 2498 1335 2560 πλεῖσ-

110 2638 166 2684 τος
199 2608 255 2688 τας
290 2608 397 2695 ψυχας
434 2607 668 2692 καταλαμβάνει
701 2608 850 2694 θόρυβος
866 2605 898 2692 ³).
952 2611 991 2673 ln
1024 2611 1167 2674 Lucretii
1197 2613 1337 2676 carmine

110 2747 215 2810 neque
238 2725 367 2788 luxuria
389 2745 494 2809 neque
517 2725 648 2787 lascivia
672 2724 901 2807 defenduntur,
925 2747 1029 2811 neque
1052 2727 1086 2790 in
1103 2728 1237 2791 aliorum
1253 2750 1335 2813 quae

109 2845 256 2907 novimus
286 2843 420 2927 scriptis.
467 2841 587 2915 Quodsi
610 2848 717 2904 tamen
741 2863 859 2925 negare
882 2844 1030 2907 nolumus
1052 2844 1137 2908 inter
1159 2844 1335 2930 Epicureos

108 3079 155 3142 rei
182 3077 261 3142 haec
285 3084 333 3142 est
356 3099 451 3141 causa
473 3098 558 3158 una,
589 3077 673 3163 quod
696 3077 795 3142 Stoici
817 3079 940 3160 Rornae
964 3079 1120 3164 imprimis
1143 3081 1228 3144 inter
1251 3082 1335 3145 viros

109 3197 253 3261 excultos
287 3195 548 3276 inveniebantur,
583 3216 655 3258 cum
688 3194 840 3280 Epicurei
870 3194 1014 3258 homines
1050 3197 1190 3259 omnium
1226 3204 1333 3260 essent

109 3314 265 3378 ordinum.
312 3313 375 3377 Sed
398 3314 564 3398 pleraque,
589 3334 670 3398 quae
695 3312 733 3375 de
757 3312 917 3375 dissolutis
940 3313 1170 3398 Epicureorum
1193 3315 1334 3378 moribus

109 3432 273 3513 dicuntur,
303 3430 343 3493 ad
366 3431 477 3493 inanes
500 3429 635 3493 redeunt
658 3450 820 3493 rumores:
845 3430 921 3515 quin
945 3430 1043 3493 etiam
1066 3438 1139 3494 sunt
1155 3432 1209 3516 qui
1224 3453 1334 3495 eorum

107 3571 210 3613 mores
233 3548 386 3628 laudent,
410 3555 445 3609 ut
470 3546 625 3629 Origenes
641 3550 686 3627 4),
711 3547 764 3631 qui
788 3546 864 3611 dicit
888 3547 1069 3611 adulterum
1092 3548 1176 3610 inter
1199 3569 1253 3611 eos
1270 3570 1333 3611 non

107 3665 265 3747 inveniri,
312 3663 395 3750 quod
433 3664 552 3748 optime
590 3664 737 3746 congruit
774 3686 846 3727 cum
885 3665 984 3750 ipsius
1022 3666 1167 3749 magistri
1205 3667 1331 3730 verbis:

111 3787 253 3868 „yvvctrci
283 3782 310 3847 τ’
335 3784 372 3847 ού
395 3784 584 3866 μιγήσεσθαι
607 3783 664 3845 τὸν
688 3784 792 3867 σοφὸν
814 3779 833 3868 a]
857 3786 886 3847 οἱ
911 3785 1001 3864 νόμοι
1025 3782 1280 3869 ἀπαγορεύουσιν
1296 3786 1332 3866 ⁵).

109 3899 212 3984 Saepe
236 3899 512 3963 confundebantur
534 3919 606 3961 cum
622 3897 806 3983 Cyrenaicis
822 3903 843 3978 ὓ)
868 3904 900 3962 et
916 3899 1063 3983 Cynicis:
1088 3906 1255 3984 praeterea
1268 3922 1331 3965 vox

140 4165 160 4229 ¹)
194 4163 297 4214 deFin.
316 4163 354 4213 II.
374 4166 419 4224 15,
438 4166 477 4212 49.

139 4259 159 4323 ²)
193 4257 475 4318 chin.II.26‚81.

139 4357 156 4414 ιι
191 4354 223 4402 n.
242 4353 270 4402 L.
289 4353 321 4402 x.
341 4356 395 4401 132.

138 4450 158 4515 ⁴)
194 4449 286 4499 Contra
303 4447 409 4497 Celsum.
427 4447 489 4498 VII.
507 4464 531 4511 p.
550 4449 605 4500 375.

139 4545 158 4608 ⁵)
195 4544 227 4594 D.
245 4544 274 4593 L.
292 4543 325 4592 X.
344 4545 391 4604 26,
413 4545 465 4593 118.

137 4639 155 4700 ⁶)
190 4640 263 4690 Tuas.
281 4639 319 4690 II.
337 4643 366 4700 6,
385 4642 423 4688 16.
457 4638 531 4702 Diog.
549 4639 579 4688 L.
597 4638 635 4689 II.
654 4642 676 4687 8.
