3196 5160
764 299 825 363 130

182 502 391 590 praeterimus
425 523 499 567 eum
529 503 709 567 accuratius
740 503 887 568 debuisse
911 504 1037 568 dicere:
1066 510 1180 591 „atque
1203 505 1278 570 inde
1302 527 1410 571 rever-

183 627 276 704 tens,
304 643 366 706 pcc
390 627 503 705 partes
533 642 649 684 rursus
684 622 836 704 uceticae,
872 623 976 686 cancri
1001 645 1034 686 se
1057 629 1093 686 ut
1115 630 1220 687 vertat
1243 630 1347 688 metas
1371 625 1412 689 ad

184 737 408 820 solstitiales”‚
432 743 540 801 tamen
563 743 631 801 tota
655 737 826 822 explicatio
850 738 995 822 intellegi
1018 760 1081 801 non
1104 745 1230 824 potest,
1262 740 1325 803 nisi
1349 741 1414 825 pri-

182 875 271 919 mum
295 855 418 919 dicatur
440 855 594 918 circulum
617 854 789 918 chiacum
812 849 1033 940 obliquitatem
1057 855 1175 920 habere
1200 856 1240 920 ad
1256 857 1415 921 circulum

183 972 456 1059 aequinoctialem:
470 993 543 1035 nam
560 993 631 1035 cum
647 972 832 1056 exposuerit
848 978 942 1056 poeta
955 973 1053 1036 solem
1070 974 1207 1059 relinqui
1220 995 1294 1037 cum
1306 981 1416 1059 poste-

183 1089 318 1154 rioribus
340 1089 460 1173 signis,
485 1087 624 1153 noudum
649 1089 924 1174 perspicuumst
948 1093 1002 1176 qui
1024 1097 1177 1153 revertere
1200 1092 1290 1173 (616)
1313 1092 1416 1177 possit

184 1208 250 1289 sol,
273 1226 378 1293 neque
401 1227 434 1270 se
459 1211 585 1269 vertere
608 1205 649 1269 ad
672 1213 769 1270 metas
792 1208 979 1271 solstitialis.
1024 1209 1074 1271 De
1097 1207 1156 1271 hac
1180 1208 1309 1271 Zodiaci
1334 1209 1417 1272 obli·

184 1326 306 1411 quitate
329 1332 437 1390 tamen
460 1346 501 1388 ne
524 1325 657 1388 verbum
681 1324 810 1411 quidem
835 1325 920 1389 dicit.

227 1443 266 1506 In
300 1442 477 1506 Democriti
510 1442 697 1526 fragmentis
732 1443 811 1507 haec
846 1443 989 1506 doctrina
1019 1465 1083 1506 non
1113 1443 1294 1507 invenitur:
1332 1442 1417 1508 haec

184 1566 292 1624 tamen
315 1581 380 1623 non
403 1565 451 1622 est
474 1580 569 1624 causa
592 1581 647 1623 cur
670 1560 709 1623 ab
726 1581 764 1623 eo
783 1581 859 1639 'eam
875 1560 1110 1643 abrodianus,
1134 1561 1323 1645 praesertim
1340 1582 1417 1623 cum

183 1675 263 1739 nihil
285 1676 377 1757 insit,
402 1674 487 1761 quod
510 1676 578 1738 eius
601 1675 763 1740 doctrinae
786 1681 961 1761 repugnet,
985 1683 1081 1761 atque
1105 1697 1179 1740 eum
1201 1677 1235 1739 in
1257 1677 1314 1740 has
1340 1677 1417 1740 doc-

183 1794 282 1857 trinas
305 1792 476 1877 diligenter
498 1793 679 1856 incubuisse
703 1799 855 1878 appareat
879 1814 921 1856 ex
945 1793 1014 1857 eius
1037 1794 1240 1878 Fragmentis
1255 1794 1417 1858 Astrono·

182 1911 273 1974 micis
296 1909 383 1996 apud
405 1909 617 1974 Miillachium
639 1910 671 1991 I,
696 1930 768 1994 pag.
793 1913 878 1992 368,
903 1913 953 1974 69.

228 2029 321 2093 Haec
352 2028 529 2092 Democriti
553 2028 724 2113 explicatio
748 2029 888 2091 maxime
911 2028 1061 2092 Lucretio
1084 2029 1241 2114 placuisse
1264 2029 1415 2112 videtur,

185 2145 365 2233 quodcum
388 2165 512 2227 exeo,
536 2143 620 2229 quod
642 2144 867 2207 uberiuseam
890 2145 1056 2231 exposuit,
1081 2153 1148 2208 tum
1173 2167 1214 2209 ex
1236 2146 1291 2209 illo
1319 2168 1415 2227 „cum

185 2263 316 2347 primis”
351 2263 406 2344 (vs.
443 2263 515 2343 621)
546 2266 688 2346 apparet.
735 2259 798 2324 Sed
831 2267 938 2324 tamen
976 2263 1039 2325 alia
1075 2263 1197 2327 ratione
1228 2284 1282 2326 eos
1305 2264 1416 2326 flexus

186 2381 329 2465 (τροπάς)
351 2379 420 2442 fieri
442 2399 555 2463 posse,
579 2398 696 2461 negare
719 2399 784 2441 non
806 2384 920 2462 potest.
964 2379 1048 2442 Nam
1070 2385 1106 2442 116
1132 2380 1283 2461 „diversis
1299 2381 1416 2445 nubila

185 2498 290 2562 ventis
313 2497 454 2561 diversas
477 2497 523 2559 ire
546 2496 580 2559 in
602 2496 702 2581 partis
724 2495 849 2559 inferna
870 2497 1036 2581 supernis⁷’
1061 2499 1119 2579 (vs.
1145 2500 1220 2582 644)
1244 2498 1414 2582 videmus,

115 2622 119 2628 '
186 2615 230 2679 sic
265 2614 362 2678 etiam
395 2614 464 2677 fieri
490 2618 596 2698 potest
619 2620 655 2676 ut
679 2613 808 2677 alternis
831 2614 957 2696 ventis,
992 2615 1186 2700 temporibus
1210 2616 1327 2699 certis,
1365 2617 1415 2680 sol

187 2737 220 2795 et
250 2731 327 2794 luna
359 2730 453 2794 modo
477 2751 519 2793 ex
542 2730 670 2793 aestivis
693 2730 792 2813 signis
815 2730 854 2795 ad
878 2730 1053 2794 brumalem
1076 2733 1216 2814 flexum,
1247 2733 1343 2796 modo
1369 2755 1414 2797 ex

189 2847 321 2933 „gelidis
343 2847 468 2932 frigoris
491 2847 632 2912 umbris”
657 2846 697 2911 ad
720 2853 838 2910 metam
861 2848 1060 2912 solstitialem
1082 2848 1233 2912 ferantur.

228 2966 340 3029 Lunae
374 2969 406 3028 et
440 2964 514 3028 solis
548 2969 652 3027 motus
687 2984 762 3047 ergo
798 2964 853 3026 uni
877 2963 1042 3049 eidemque
1066 2987 1179 3029 causae
1202 2966 1414 3050 tribuuntur,

185 3081 269 3168 quod
291 3080 429 3166 Epicuro
453 3101 577 3167 quoque
600 3081 713 3166 placet.
766 3081 829 3155 Qut
851 3088 959 3145 tamen
981 3083 1151 3147 Lucretius
1167 3083 1274 3147 stellas
1290 3083 1414 3150 addere

184 3199 284 3284 possit
308 3200 365 3281 (vs.
389 3199 483 3280 643),
511 3219 575 3260 non
596 3198 821 3282 intellegimus.
851 3199 927 3285 Ipsa
950 3200 1229 3286 enimexplicatio
1246 3222 1415 3286 exponere

186 3315 281 3380 debet
315 3315 389 3379 solis
421 3316 579 3400 lunaeque
602 3321 724 3378 motum
758 3339 777 3379 a
810 3322 987 3380 ceterorum
1021 3318 1160 3382 siderum
1183 3318 1324 3382 motibus
1351 3320 1416 3385 dis-

185 3438 368 3518 crepantem
402 3432 468 3513 ita,
502 3438 539 3495 ut
567 3432 772 3516 retrogradus
807 3454 875 3497 esse
898 3434 1053 3498 videatur.
1099 3436 1247 3499 Fortasse
1269 3435 1331 3500 hoc
1358 3461 1416 3503 no-

184 3551 271 3615 mine
302 3550 465 3614 stellarum
488 3549 657 3613 Lucretius
680 3549 732 3614 hic
755 3551 899 3636 planetas
923 3552 989 3615 sive
1013 3553 1152 3617 errantia
1174 3553 1278 3617 sidera
1302 3561 1415 3640 notat,

185 3688 319 3754 quorum
347 3673 452 3731 motus
486 3688 610 3753 quoque
643 3691 663 3732 a
697 3674 874 3732 ceterorum
897 3669 1086 3755 discrepant.
1132 3670 1239 3734 Etiam
1261 3671 1332 3735 fieri
1359 3697 1418 3760 po-

186 3790 263 3866 test,
298 3790 334 3848 ut
365 3784 534 3848 Lucretius
567 3784 628 3850 hoc
650 3786 839 3850 vocabulum
869 3786 902 3849 in
933 3808 970 3850 eo
993 3808 1081 3851 nexu
1104 3787 1189 3872 apud
1211 3788 1417 3876 Epicurum,

186 3922 204 3966 e
238 3923 300 3988 quo
334 3903 444 3987 procul
475 3902 570 3966 dubio
603 3902 686 3967 hanc
720 3925 845 3990 quoque
880 3903 1055 3968 doctrinam
1081 3904 1205 3987 hausit,
1237 3906 1416 3975 invenerit.

186 4020 309 4084 Auctor
343 4019 428 4083 enim
460 4018 556 4083 huius
591 4020 752 4086 doctrinae
787 4027 835 4085 est
868 4021 1108 4105 Anaximenes,
1144 4024 1197 4108 qui
1232 4027 1421 4092 secundum

187 4137 359 4202 stobaeum
376 4138 395 4221 ¹)
419 4137 525 4202 docuit
547 4141 610 4204 ὑπὸ
633 4143 873 4222 πεπυκνωμένου
895 4141 987 4224 ἀέρος
1012 4145 1060 4205 καὶ
1084 4140 1254 4206 ἀντιτύπου
1270 4140 1423 4216 'edredesi-

143 4308 146 4312 -
186 4282 262 4338 μευα
292 4255 330 4320 τὰ
360 4254 459 4341 ἄστρα
489 4255 547 4331 τὰς
577 4259 699 4341 τροπὰς
725 4248 910 4322 reiciebat}
934 4254 1018 4319 idem
1041 4256 1234 4320 Plutarchus
1246 4255 1268 4340 2)
1292 4260 1424 4345 refert,

219 4539 238 4599 ¹)
271 4540 302 4601 1,
320 4542 376 4590 aar.

149 4693 150 4696 Ἴ
218 4634 239 4698 ²)
273 4634 340 4685 rra.
358 4634 403 4695 11,
422 4639 461 4685 11.
