3196 5160
776 276 818 339 42

181 495 276 559 quam
299 474 399 559 ignis,
423 497 484 562 quo
508 476 543 539 fit
566 481 601 539 ut
624 475 698 560 igne
722 477 763 540 sit
785 478 1000 562 penetralius,
1025 479 1109 565 quod
1124 479 1326 544 Democritus
1342 479 1411 544 iam

182 591 337 655 ostendit:
375 595 411 657 τὸ
450 598 612 678 κεραύνιον
650 601 713 679 πῦρ
753 593 896 681 ιἰκριβεῖρ
935 601 983 662 καὶ
1023 596 1188 673 λεπτότητι
1222 600 1410 679 θαυμαστόν

181 711 264 774 ἐστιν
282 715 312 786 ¹).
363 710 463 773 Porro
498 732 516 774 e
552 711 647 774 modo
685 733 747 797 quo
782 733 893 777 sensus
927 714 1027 776 nostri
1062 715 1175 777 atomis
1208 715 1410 795 afficiuntur,

183 846 292 890 earum
315 825 416 890 forma
439 829 585 911 cognosci
609 836 729 914 potest;
754 852 834 915 quac
858 852 908 894 res
931 831 1030 894 tactui
1054 831 1106 894 vel
1128 832 1235 915 gustui
1259 831 1311 894 vel
1332 831 1410 896 odo-

182 943 266 1006 ratui
301 951 374 1006 sunt
396 945 571 1024 iucundae,
607 966 716 1009 earum
739 946 913 1030 primordia
936 968 973 1010 ea
995 947 1096 1010 forma
1119 969 1187 1011 esse
1211 947 1349 1031 debent,
1373 954 1410 1012 ut

182 1082 312 1143 manus,
346 1062 506 1146 linguam,
536 1084 629 1126 nares
664 1085 728 1126 non
763 1064 909 1147 laedant,
945 1065 1030 1129 levia
1060 1065 1160 1149 igitur
1194 1071 1225 1128 et
1253 1065 1409 1150 rotunda3

183 1198 401 1264 quaecumque
424 1186 534 1243 contra
565 1180 690 1263 ingrata
713 1188 804 1264 sunt,
832 1181 952 1245 habent
975 1189 1096 1246 atomos
1118 1182 1283 1264 hamatae,
1317 1183 1411 1247 uncis

182 1295 350 1380 praeditas.
407 1297 580 1361 Praeterea
620 1304 693 1361 sunt
728 1298 809 1361 aliae
845 1320 926 1384 quae
965 1299 1107 1383 angellos
1129 1299 1267 1379 habent,
1292 1300 1412 1385 quibus

182 1411 314 1474 titillare
347 1419 478 1497 possunt
501 1434 559 1476 nec
582 1414 722 1477 laedunt.
769 1414 858 1488 Quae
883 1413 962 1477 dura
984 1436 1021 1478 ac
1045 1416 1144 1500 spissa
1167 1421 1239 1478 sunt
1262 1421 1412 1478 constant

183 1550 225 1593 ex
255 1527 391 1594 hamatis
423 1537 455 1593 et
485 1531 649 1616 perplexis
679 1532 814 1594 atomis:
847 1552 928 1616 quae
952 1531 1050 1595 fluida
1073 1538 1146 1595 sunt
1169 1553 1186 1595 e
1209 1531 1353 1594 rotundis
1377 1538 1414 1595 et

183 1647 329 1712 levibus:
361 1670 442 1734 quae
472 1671 580 1713 amara
616 1657 648 1713 et
678 1657 786 1713 tamen
817 1649 914 1712 fluida
947 1656 1020 1712 sunt
1057 1671 1098 1713 ex
1132 1656 1266 1736 utroque
1290 1671 1413 1733 genere

184 1773 257 1829 sunt
285 1766 378 1830 facta.
433 1767 467 1830 Si
497 1788 637 1831 amaram
671 1767 768 1830 maris
799 1788 913 1852 aquam
947 1767 1145 1852 percolamus
1179 1789 1236 1852 per
1269 1773 1413 1851 terram,

184 1880 306 1945 dulcior
327 1881 363 1945 fit
390 1904 473 1969 aqua
495 1890 683 1968 propterea,
708 1883 783 1967 quia
805 1884 903 1946 atomi
925 1883 1076 1966 acerbae,
1111 1883 1201 1946 uncis
1223 1883 1414 1968 praeditae,

184 2004 269 2062 terra
291 2000 478 2063 retinentur.
524 2000 616 2063 Haec
645 2000 753 2063 omnia
775 2000 941 2083 ingeniose
964 2001 1096 2064 inventa
1119 2021 1161 2064 ex
1183 2001 1314 2085 Epicuri
1338 2001 1415 2064 doc-

183 2117 267 2181 trina
289 2125 393 2181 sumta
415 2139 501 2200 esse,
537 2118 670 2204 quisque
694 2118 786 2182 facile
809 2118 931 2181 videbit
954 2139 997 2182 ex
1019 2118 1107 2182 hisce
1130 2118 1262 2203 Epicuri
1285 2118 1413 2183 verbis:

183 2235 223 2298 D.
249 2235 285 2299 L.
309 2235 359 2298 X:
394 2238 435 2299 42
460 2237 497 2301 οὐ
529 2234 614 2320 (γαρ)
644 2233 780 2301 δυνατὸν
815 2241 961 2320 γενέσθαι
995 2235 1052 2312 τας
1076 2240 1233 2311 τοσαύτας
1257 2234 1416 2322 διαφορὰς

183 2355 215 2418 ἐκ
237 2357 301 2418 τῶν
325 2353 430 2417 αὐτῶν
454 2354 628 2439 σχημάτων
652 2359 683 2415 et
707 2355 769 2434 53,
794 2355 856 2416 54:
889 2359 936 2418 καὶ
962 2356 1025 2434 μὴν
1049 2358 1097 2418 καὶ
1120 2356 1178 2429 τὴν
1202 2356 1304 2433 ὀσμὴν
1328 2382 1417 2435 νομι-

184 2472 275 2535 στέον
289 2518 395 2532 .....
432 2471 489 2535 οὐκ
524 2469 564 2534 ἅν
597 2498 674 2536 ποτε
704 2472 812 2544 πάθος
835 2470 930 2535 οὐδὲν
954 2470 1171 2556 ἐργάσασθαι,
1208 2475 1231 2536 εἰ
1253 2473 1295 2552 μὴ
1320 2473 1416 2556 ὄγκοι

183 2593 263 2664 τινὲς
298 2591 379 2664 ἦσαν
414 2589 476 2653 ἀπὸ
510 2591 566 2652 rot
597 2590 784 2673 πράγματος
817 2589 1047 2672 ἀποφερόμενοι
1078 2591 1244 2671 σύμμετροι
1267 2589 1349 2673 πρὸς
1375 2590 1415 2654 τὸ

183 2713 278 2771 τοῦτο
307 2708 343 2771 τὸ
367 2710 573 2792 αἰσθητήριον
598 2716 709 2785 κινεῖν,
741 2710 771 2770 αἱ
794 2711 850 2788 μὲν
873 2716 952 2770 τοῖοι
976 2709 1213 2792 τεταραγμένως
1237 2711 1285 2770 καὶ
1309 2705 1414 2771 ἄλλο·

183 2828 279 2909 τρῖως
292 2873 300 2900 ,
325 2827 355 2889 οἱ
379 2822 410 2890 δὲ
433 2833 513 2888 τοῖοι
537 2823 707 2910 ἀταράχως
732 2828 780 2888 καὶ
803 2827 924 2902 οἰκείως
947 2823 1088 2909 ἔχοντες.
1124 2822 1282 2908 Epicurus
1302 2828 1414 2887 autem

184 2941 403 3004 Democri-tum
426 2947 553 3005 secutus
576 2946 624 3004 est
648 2941 707 3019 (Of.
732 2941 879 3003 Democr.
905 2939 990 3025 apud
1012 2940 1104 3004 Miill.
1127 2940 1239 3025 fragm.
1256 2962 1329 3025 pag.
1346 2943 1413 3006 362

184 3065 252 3143 περὶ
278 3058 413 3146 χυλῶν).

227 3175 300 3238 Non
316 3181 424 3237 tamen
439 3173 581 3237 infinitus
596 3194 747 3236 numerus
764 3178 812 3236 est
826 3172 1002 3256 figurarum
1019 3180 1216 3237 atomorum:
1237 3194 1311 3237 nam
1324 3173 1351 3236 si
1366 3174 1414 3238 ita

180 3291 236 3354 En
253 3297 352 3375 esset,
376 3292 518 3355 infinitae
534 3265 754 3375 magnitudine
770 3298 876 3354 essent
893 3290 1001 3354 atomi.
1046 3292 1112 3355 Fac
1130 3291 1215 3354 enim
1231 3297 1378 3354 constent
1395 3313 1413 3355 e

185 3412 204 3473 3
227 3409 279 3472 rel
302 3412 322 3472 4
345 3409 396 3471 vel
420 3412 439 3472 5
462 3408 603 3471 minimis
626 3407 788 3492 partibus,
813 3407 851 3470 de
876 3407 990 3492 quibus
1014 3408 1047 3470 in
1067 3408 1148 3471 libro
1164 3408 1266 3493 primo
1284 3408 1414 3492 exposi-

184 3532 253 3590 tum
277 3531 334 3590 est.
358 3526 432 3589 Hae
455 3527 482 3589 si
505 3526 600 3589 variis
622 3524 746 3607 modis,
771 3524 916 3588 omnibus
939 3525 1225 3609 permutationibus
1240 3524 1414 3610 adhibitis,

185 3645 392 3727 ordinentur,
424 3664 590 3708 numerum
626 3641 790 3706 definitum
828 3640 966 3705 efficiant
999 3662 1128 3705 necesse
1152 3647 1200 3704 est
1225 3640 1413 3725 figmarum.

185 3763 277 3837 Quod
301 3763 326 3827 si
350 3764 457 3848 plures
479 3762 528 3826 vis
543 3762 680 3844 formas,
704 3782 834 3824 necesse
850 3767 898 3824 est
913 3761 1010 3824 addas
1026 3761 1104 3824 alias
1119 3760 1266 3823 minimas
1281 3765 1413 3844 partes,

186 3881 242 3944 sed
275 3889 343 3945 tum
378 3881 475 3945 etiam
502 3881 599 3944 atomi
622 3879 757 3943 maiores
784 3880 881 3942 fient:
917 3900 993 3962 ergo
1020 3878 1210 3960 ,formarum
1234 3878 1414 3942 novitatem

187 4000 325 4083 corporis
356 4019 493 4082 augmen
528 3997 751 4084 subsequitur”
789 3997 897 4080 (495),
933 3996 988 4060 sed
1028 3996 1054 4058 si
1088 3995 1232 4058 infinitus
1260 4000 1307 4058 est
1332 3995 1414 4080 figu-

185 4137 291 4179 rarum
326 4137 498 4198 numerus,
532 4114 630 4178 atomi
664 4115 760 4177 etiam
782 4113 913 4176 immani
936 4112 1155 4196 magnitudine
1180 4119 1281 4176 erunt.
1313 4111 1414 4175 Prae-

187 4239 275 4297 terea
297 4234 323 4296 si
345 4233 488 4297 infinitus
512 4238 594 4296 esset
617 4233 791 4316 figurarum
814 4252 980 4313 numerus,
1004 4252 1067 4293 non
1081 4237 1185 4293 certus
1202 4237 1284 4293 esset
1298 4228 1415 4294 modus

185 4351 220 4414 in
256 4351 370 4432 rebus,
409 4351 489 4414 aliae
524 4371 649 4435 semper
687 4349 757 4412 aliis
795 4349 898 4412 forent
935 4348 1110 4434 pulcriores
1148 4347 1199 4410 vel
1234 4347 1414 4413 taetriores.

219 4631 237 4693 1)
274 4629 408 4690 Miillach,
425 4628 513 4692 fragm.
532 4627 645 4677 Democr.
662 4643 718 4691 pag.
737 4629 800 4687 359,
820 4630 857 4675 11.
