3196 5160
776 307 818 369 90

183 507 385 590 florentibus,
408 508 651 594 peripateticam
674 507 909 594 philosophiam
930 508 1058 590 docuit,
1083 509 1264 572 invenimus
1279 508 1314 572 in
1329 508 1412 573 libro

182 624 320 688 seeundo
343 631 412 709 περὶ
435 630 542 713 ψυχῆς
565 626 818 712 paragraphum,
843 627 894 690 cui
918 626 1051 690 titulus:
1076 628 1159 710 πρὸς
1182 631 1256 704 τοὺς
1281 624 1330 692 διὰ
1355 638 1413 704 τῆς

182 747 246 807 τῶν
271 739 411 808 εἰδώλων
436 745 621 822 ἐμπτώσεως
643 745 680 808 τὸ
705 748 784 829 ὁρῖιν
807 743 975 830 λέγοντας.
1020 743 1111 806 Inter
1133 764 1189 825 ea,
1213 765 1295 828 quae
1309 744 1414 808 Alex-

183 860 283 924 ander
316 867 426 924 contra
458 861 689 947 Epicureorum
725 861 901 925 doctrinam
924 862 1037 944 affert,
1072 862 1152 926 haec
1175 863 1334 946 legimus:
1372 864 1415 930 ’ἔτι

183 983 252 1058 πῶς
276 978 378 1044 οἷόντε
400 985 457 1044 τοῦ
481 977 690 1060 διαστήματος
714 979 884 1064 ἀντίληψιν
907 983 1070 1064 γίνεσθαι,
1098 984 1123 1045 εἰ
1146 981 1183 1045 τιί
1208 978 1325 1047 είδωλά
1349 983 1415 1047 ἐστι

184 1212 221 1276 οὗ
244 1218 284 1298 τῇ
305 1215 457 1289 ποσότητι
480 1216 516 1278 τὸ
541 1211 692 1297 διάστημα
715 1215 970 1299 ιἰναμετρείσθαι,
1006 1219 1038 1275 et
1060 1213 1168 1297 paullo
1190 1218 1283 1297 post:
1318 1210 1416 1280 τὸδὲ

183 1327 287 1412 λέγειν
309 1334 353 1415 τη]
379 1335 470 1416 ποσιρῖ
492 1337 548 1394 τοῦ
573 1329 666 1414 άέρυς
690 1337 746 1395 τοῦ
769 1327 882 1412 μεταξὺ
905 1336 961 1393 τοῦ
985 1356 1016 1393 τε
1040 1333 1218 1414 ὁρωμένου,
1242 1330 1295 1415 ἀφ’
1312 1330 1352 1394 οὗ
1375 1331 1417 1395 τὰ

183 1442 317 1528 εἴδωλα,
352 1452 400 1512 καί
435 1453 491 1512 τοῦ
527 1447 696 1533 ὀφθαλμοῦ
719 1449 777 1522 τὴν
800 1446 970 1529 ἀντίληψιν
994 1450 1138 1530 γίνεσθαι
1162 1454 1218 1511 τοῦ
1243 1443 1417 1530 διαστήμα-

183 1590 262 1638 τος,
295 1570 410 1630 τοῦτον
441 1565 504 1648 γὰρ
527 1565 589 1629 ὑπὸ
613 1570 669 1628 τοῦ
694 1561 826 1629 εἰδώλου
849 1566 1101 1647 προωθούμενον
1130 1568 1357 1648 προεμπίπτειν
1377 1569 1419 1650 τῇ

183 1681 261 1766 κόρη
291 1683 353 1766 πρὸ
388 1688 445 1746 τοῦ
469 1679 619 1757 εἰδώλου,
654 1682 788 1745 ἀτοπίαν
812 1678 958 1761 οὐδεμίαν
982 1677 1180 1765 ὑπερβάλλει
1203 1685 1269 1742 cett
1271 1728 1416 1743 .....

183 1802 311 1883 προσέτι
353 1800 389 1863 τὸ
427 1798 587 1878 πολλάκις
621 1805 777 1863 τοσοῦτον
813 1795 949 1879 δέξεται,
985 1798 1022 1862 οὗ
1066 1799 1128 1882 γὰρ
1168 1799 1240 1871 ἑνὸς
1278 1794 1417 1864 εἰδώλου

183 1918 333 1996 ἐμπτώσει
382 1918 419 1982 τὸ
467 1920 546 2002 ὁρῖιν
557 1912 586 1999 1).
632 1915 681 1979 De
726 1915 919 1999 imaginibus
956 1915 990 1978 in
1021 1915 1148 2000 speculo
1182 1915 1417 2000 apparentibus

184 2031 359 2117 Epicurum
389 2053 516 2118 quoque
549 2033 691 2096 locutum
722 2052 791 2095 esse
828 2031 974 2095 videmus
997 2053 1015 2095 e
1038 2030 1204 2095 Plutarchi
1227 2032 1308 2117 plac.
1333 2031 1416 2117 phil.

184 2148 244 2212 IV.
281 2151 338 2232 14,
373 2149 428 2214 ubi
464 2149 559 2213 simul
592 2149 759 2232 docemur,
798 2171 871 2213 eum
901 2149 984 2214 hanc
1018 2149 1194 2214 doctrinam
1224 2149 1361 2215 fortasse
1396 2173 1417 2216 a

186 2264 370 2330 Democrito
401 2266 592 2351 sumpsisse:
640 2269 858 2352 Δημόκριτος,
894 2267 1084 2350 Ἐπίκουρος
1117 2268 1175 2342 τὰς
1203 2270 1416 2353 κατοπτρικὰς

186 2385 332 2471 ἐμφάσεις
365 2388 533 2470 γίγνεσθαι
567 2384 631 2450 κατ’
654 2382 794 2450 εἰδώλων
829 2385 1038 2462 ὑποστάσεις,
1074 2383 1163 2448 άτιυα
1186 2387 1335 2470 φέρεσθαι
1357 2390 1415 2464 μὲν

184 2501 237 2587 ἀφ’
271 2504 373 2584 ἡμῶν,
412 2506 620 2567 συνίστασθαι
655 2499 686 2567 δὲ
721 2505 769 2567 ἐπὶ
792 2509 849 2566 τοῦ
873 2505 1050 2586 κατόπτρου
1074 2499 1149 2566 κατά
1172 2503 1229 2576 τὴν
1253 2500 1415 2587 άντιπερι·

184 2621 328 2704 στροφήν
343 2617 377 2700 ²).

228 2735 309 2800 Cum
342 2735 388 2799 ita
419 2735 651 2799 ostenderimus
680 2741 808 2821 poetam
839 2735 966 2817 omnia,
1002 2755 1084 2820 quae
1108 2734 1148 2798 ad
1171 2736 1257 2798 visus
1281 2756 1415 2800 sensum

184 2852 410 2937 explicandum
422 2851 562 2938 proferat
575 2874 593 2916 a
605 2852 758 2936 magistro
771 2853 942 2938 sumpsisse
957 2902 964 2935 ,
981 2873 1045 2915 non
1058 2873 1173 2937 operae
1189 2852 1329 2938 pretium
1343 2874 1415 2918 esse

183 2967 276 3031 nobis
302 2967 429 3031 videtur
452 2969 575 3054 reliqua
598 2989 679 3054 quae
703 2968 741 3032 de
764 2969 895 3055 reliquis
911 2969 1055 3033 sensibus
1068 2969 1266 3054 explicandis
1278 2976 1415 3054 narrat,

182 3085 311 3150 uberius
345 3106 522 3171 exponere,
553 3106 658 3171 neque
688 3107 761 3149 eum
784 3086 929 3170 magistri
953 3085 1097 3150 doctrina
1120 3085 1273 3150 conferre.
1321 3092 1413 3160 Quae

183 3301 381 3309 --..-.

217 3424 235 3484 ¹)
269 3423 308 3472 De
324 3438 408 3483 aeres,
434 3423 477 3487 qui
501 3427 538 3472 est
560 3421 626 3470 inter
648 3437 687 3471 res
713 3421 840 3484 adspectas
867 3425 892 3470 et
916 3420 1033 3482 oculum,
1056 3420 1213 3471 Democritus
1229 3437 1269 3484 ap.
1287 3421 1414 3487 Theophr.

183 3521 241 3582 περὶ
259 3519 412 3578 αἰσθήσεως,
432 3521 480 3567 50:
499 3520 563 3582 ὁρᾶν
580 3519 626 3582 μὲν
644 3518 689 3566 οὖν
706 3521 773 3567 ποιεῖ
791 3522 823 3581 τῇ
840 3518 957 3582 ἐμφασει·
976 3516 1077 3577 ταύτην
1094 3516 1186 3574 δ’ἰὸίως
1203 3516 1269 3584 λέγει
1282 3532 1287 3543 ’
1302 3521 1352 3578 τὴν
1364 3521 1414 3585 γάρ

183 3615 290 3680 ἔμφασιν
313 3615 359 3666 οὐκ
378 3615 454 3671 εὐθὺς
472 3616 498 3664 ἐν
517 3618 549 3677 τῇ
566 3617 628 3677 παρῇ
646 3609 778 3678 γίνεσθαι,
804 3613 875 3662 ἀλλὰ
892 3613 937 3662 riv
953 3611 1016 3674 ἀέρα
1035 3615 1080 3663 τὸν
1097 3615 1191 3676 μεταξὺ
1209 3617 1255 3672 τῆς
1271 3612 1354 3677 ὄψεως
1371 3617 1417 3665 καὶ

182 3713 227 3759 τοῦ
245 3708 370 3773 ὁρωμένου
388 3710 550 3766 τυποῦσθαι,
570 3709 772 3770 συστελλόμενον
790 3706 841 3758 ὑπὸ
859 3710 903 3757 τοῦ
922 3709 1048 3771 ὁρωμένου
1066 3709 1171 3758 καὶτοῦ
1189 3709 1308 3771 ὁρῶντος.

214 3805 235 3871 ²)
271 3806 327 3855 Hoc
338 3811 490 3868 postremum
501 3803 650 3854 vocabulum
662 3804 841 3867 quodammodo
852 3807 889 3852 est
900 3802 1059 3866 ambiguum,
1078 3804 1120 3852 sed
1131 3808 1214 3853 tamen
1225 3803 1285 3874 satis
1296 3802 1356 3854 inda
1368 3821 1415 3872 ap-

181 3905 250 3963 paret
261 3900 397 3964 Epicurum
409 3898 489 3949 simile
498 3899 559 3963 quid
569 3903 643 3963 atque
654 3897 799 3947 Lucretium
811 3897 931 3947 doouisse:
949 3897 1036 3947 Nihilo
1048 3897 1130 3948 miuus
1141 3904 1224 3948 tamen
1235 3900 1302 3962 apud
1312 3899 1414 3951 Maero-

182 3994 252 4044 hium
265 3996 375 4060 (Satum.
388 3994 431 4044 lib.
443 3995 506 4044 VIl.
519 4009 571 4056 cap.
587 3998 623 4042 14.
636 3994 668 4059 7.)
680 3993 726 4044 hoc
738 3993 846 4056 Epicuro
855 3992 974 4043 obicitur:
995 3993 1083 4053 „cuius
1093 3993 1204 4056 opinioni
1214 4001 1338 4058 repugnat
1347 3998 1416 4060 quod

182 4090 210 4138 in
220 4089 326 4153 speculis
336 4089 419 4154 imago
430 4091 533 4139 adversa
544 4088 761 4151 contemplatorem
773 4104 846 4137 suum
858 4087 974 4150 respicit:
993 4103 1050 4136 cum
1062 4088 1162 4149 debeat,
1181 4087 1303 4152 siquidem
1314 4106 1330 4139 a
1340 4090 1416 4142 nobis

182 4189 236 4234 orta
260 4189 326 4234 recto
349 4189 433 4234 meatu
454 4183 633 4248 proficiscitur,
658 4188 781 4246 posteram
807 4183 846 4232 sui
868 4188 976 4245 partem,
1003 4199 1060 4232 cum
1077 4182 1194 4242 discedit,
1221 4185 1367 4246 ostendere,
1385 4191 1416 4237 ut

182 4280 253 4330 laeva
277 4281 373 4330 laevam
398 4282 498 4330 dextera
522 4282 648 4330 dexteram
672 4279 795 4342 respiciat.
829 4279 895 4328 Nam
919 4284 944 4328 et
960 4277 1048 4327 histrio
1064 4294 1194 4341 personam
1210 4276 1258 4327 sibi
1275 4280 1416 4332 detractam

182 4389 213 4424 ex
230 4390 259 4424 ea
274 4379 344 4437 parte
359 4374 428 4424 videt
443 4391 493 4440 qua
508 4374 603 4436 induit,
621 4373 715 4424 scilicet
731 4390 781 4424 non
798 4373 886 4423 faeiem
903 4375 946 4422 sed
962 4372 1121 4436 posteriorem
1138 4373 1294 4422 cavemam.'’

217 4469 310 4519 Mirum
335 4485 433 4534 quoque
449 4475 486 4520 est
503 4469 658 4520 Macrobium
675 4471 760 4520 eadem
777 4469 815 4518 uti
831 4466 955 4532 imagine,
978 4483 1028 4532 qua
1045 4468 1175 4517 Lucretius
1192 4484 1228 4517 vs.
1248 4471 1294 4517 296
1312 4469 1413 4532 utitur,

183 4581 240 4614 cum
255 4569 339 4614 tamen
355 4566 414 4614 satis
430 4571 546 4627 appareat
562 4581 618 4615 eum
635 4564 699 4614 hanc
714 4569 809 4627 partem
825 4562 969 4613 Lucretiani
986 4561 1101 4612 carminis
1117 4578 1168 4612 non
1179 4567 1293 4613 accurate
1303 4563 1413 4630 legisse,

184 4676 241 4709 cum
264 4660 328 4709 illud
352 4676 427 4724 quam
450 4659 542 4722 optime
558 4666 630 4723 poeta
645 4659 766 4724 explicet,
792 4661 858 4724 quod
875 4658 1029 4708 Macrobrius
1047 4657 1155 4721 Epicuro
1172 4656 1257 4707 obicit.
