3196 5160
770 305 831 368 175

184 506 253 569 lent
286 505 410 590 legibus
444 506 524 570 uti’'.
575 506 834 571 Fundamentum
868 507 947 570 iuris
986 512 1060 570 sunt
1083 507 1264 572 communia
1284 506 1413 572 foedera

184 624 273 708 pacis
292 624 325 706 ¹).
371 623 452 688 Cum
474 631 595 687 metum
619 624 750 688 deorum
773 625 938 688 sustulerit
960 630 1079 709 poeta,
1102 624 1195 688 facilc
1218 625 1319 689 videri
1342 647 1413 710 pos·

185 746 234 804 set
273 740 393 804 nullam
434 741 600 827 reliquisse
630 742 713 824 vim,
749 763 829 828 quae
860 741 1030 805 sceleratos
1065 742 1228 805 continere
1258 743 1357 827 possit
1380 747 1413 806 et

184 879 275 944 spem
307 858 345 922 iis
380 858 503 943 eripere
539 859 605 922 fore
640 865 676 921 ut
712 880 838 944 semper
860 859 981 922 scelera
1004 859 1124 922 lateant
1147 866 1180 922 et
1202 881 1324 945 poenae
1348 880 1411 923 non

184 981 367 1060 sequantur.
412 975 567 1038 Attamen
605 981 727 1057 „metus
757 976 896 1039 maculat
929 997 1105 1060 poenarum
1138 977 1281 1062 praemia
1314 977 1433 1042 vitae-

185 1091 389 1155 Circumretit
423 1093 509 1155 enim
543 1092 592 1155 vis
619 1099 715 1178 atque
738 1093 854 1157 iniuria
877 1114 1057 1179 quemque,
1093 1099 1189 1179 atque
1210 1093 1296 1158 unde
1320 1115 1413 1158 exor-

184 1213 265 1291 tast,
300 1209 436 1273 adeum
459 1210 647 1296 plerumque
670 1212 820 1293 revertit,
849 1232 909 1274 nec
932 1211 1055 1275 facilest
1078 1211 1236 1297 placidam
1260 1233 1296 1276 ac
1319 1234 1412 1299 paca·

185 1331 252 1390 tam
286 1326 402 1410 degere
425 1328 526 1391 vitam
550 1328 604 1414 qui
626 1328 725 1392 violat
747 1328 839 1391 factis
863 1329 1044 1392 communia
1066 1328 1195 1392 foedera
1217 1329 1321 1415 pacis:
1352 1330 1412 1393 etsi

185 1443 266 1506 fallit
301 1445 385 1507 enim
421 1444 527 1508 divom
562 1466 662 1529 genus
685 1444 945 1531 humanumque,
980 1452 1135 1531 perpetuo
1158 1452 1266 1510 tamen
1289 1446 1323 1510 id
1345 1447 1412 1510 fore

186 1561 267 1625 clam
301 1561 442 1626 diffidere
480 1563 596 1646 debet3
631 1565 749 1650 quippe
773 1564 828 1627 ubi
852 1585 885 1628 se
908 1565 1002 1626 multi
1025 1585 1083 1649 per
1105 1565 1227 1628 somnia
1249 1586 1345 1651 saepe
1367 1566 1412 1629 lo·

185 1683 318 1764 quantes
340 1685 395 1741 aut
417 1680 527 1743 morbo
554 1679 726 1743 delirantes
748 1685 901 1765 protraxe
925 1680 1068 1744 ferantur
1091 1687 1124 1744 et
1147 1681 1249 1744 celata
1270 1681 1356 1745 mala
1378 1681 1411 1744 in

185 1794 325 1859 medium
357 1801 389 1858 et
422 1802 555 1880 peccata
578 1795 771 1875 dedisse’'²).
816 1797 908 1862 Idem
932 1797 1111 1882 Epicurus:
1146 1801 1182 1863 τὸ
1206 1809 1261 1875 τῆς
1286 1802 1410 1885 φύσεως

186 1909 304 1978 δίκαιον
328 1913 391 1977 iou
423 1912 594 1999 σύμβολον
617 1921 673 1979 τοῦ
697 1919 915 2000 συμφέροντος
938 1919 982 1990 εἰς
1005 1916 1041 1979 τὸ
1064 1916 1105 1998 μὴ
1128 1913 1287 2000 βλάπτειν
1310 1915 1412 1994 ἀλλή-

185 2027 264 2109 λους
298 2027 373 2112 μηδὲ
408 2027 611 2115 βλάπτεσθαι
647 2078 654 2092 .
684 2080 691 2095 .
720 2080 727 2094 .
763 2034 819 2098 οὐκ
852 2037 891 2109 ἦν
925 2062 954 2097 τι
988 2033 1058 2098 καθ’
1092 2034 1181 2097 ἑαυτὸ
1215 2030 1412 2112 δικαιοσύνη,

185 2145 259 2211 ἀλλ’
282 2149 314 2211 ἐν
337 2156 406 2222 ταῖς
429 2149 493 2230 μετ’
517 2146 674 2223 ἀλλήλων
698 2158 914 2234 συστροφαῖς,
938 2151 1007 2214 καθ’
1031 2150 1207 2224 ὁπηλίκους
1230 2147 1339 2224 δήποτ’
1366 2151 1412 2216 ἀεὶ

184 2267 301 2340 τόπους
327 2270 467 2341 συνθήκη
490 2295 537 2341 τις
562 2268 637 2352 ὑπὲρ
661 2274 717 2331 τοῦ
741 2269 782 2350 μὴ
805 2265 964 2353 βλάπτειν
979 2264 1055 2350 μηδὲ
1070 2265 1286 2352 βλάπτεσθαι.
1321 2267 1360 2333 Ἥ
1378 2270 1412 2335 ἆ-

185 2378 263 2446 δικῖα
294 2382 331 2446 ori
363 2383 433 2447 καθ’
467 2384 579 2457 ἑαυτὴν
602 2385 715 2464 κακόν,
750 2382 824 2447 ἀλλ’
849 2386 881 2448 ἐν
903 2389 947 2469 τῷ
973 2385 1048 2449 κατὰ
1070 2386 1129 2459 τὴν
1153 2385 1293 2468 ὑποψίαν
1317 2384 1412 2470 φόβῳ

184 2502 206 2563 ei
240 2501 282 2580 μὴ
316 2500 406 2576 λήσει
439 2503 515 2574 τοὺς
538 2502 614 2584 ὑπὲρ
638 2504 702 2565 τῶν
724 2503 876 2565 τοιούτων
900 2503 1109 2586 ἐφεστηκότας
1132 2501 1301 2582 κολαστός.
1347 2505 1414 2569 Οὐκ

184 2614 247 2680 ἕστι
276 2618 333 2680 τὸν
363 2615 470 2703 λα’θρα
505 2645 533 2682 τι
567 2624 721 2683 ποιοῦντα
752 2617 797 2682 ὧν
821 2621 988 2683 συνέθεντο
1012 2621 1095 2702 πρὸς
1118 2618 1287 2699 ἀλλήλους
1310 2623 1353 2695 εἷς
1376 2621 1412 2685 τὸ

183 2735 223 2812 μὴ
250 2730 407 2818 βλάπτειν
436 2732 512 2817 μηδὲ
542 2731 767 2819 βλάπτεσθαι,
801 2739 954 2800 πιστεόειν
978 2739 1025 2800 ὅτι
1047 2734 1154 2817 λήσει,
1191 2735 1248 2801 κᾶν
1270 2735 1410 2823 μυριάκις
1477 2822 1480 2826 Δ

183 2852 231 2914 ἐπὶ
253 2858 309 2914 τοῦ
333 2854 493 2936 παρόντος
517 2850 664 2938 λανθάνῃ
688 2871 695 2886 ·
722 2857 814 2938 μέχρι
836 2854 899 2938 γὰρ
924 2863 1143 2938 καταστροφῆς
1166 2850 1289 2928 ἄδηλον
1312 2857 1345 2920 εἰ·
1360 2860 1408 2920 καὶ

182 2964 273 3042 λήσει
288 2966 324 3048 3).

226 3082 318 3147 Ηοοο
353 3090 426 3147 sunt
456 3084 523 3148 fere
557 3105 639 3171 qnae
674 3084 713 3148 de
736 3085 879 3148 Lucretii
901 3085 1015 3150 morali
1039 3084 1182 3150 doctrina
1205 3086 1340 3151 dicenda
1362 3088 1408 3152 vi-

184 3199 350 3264 debantur.
396 3202 505 3265 Pauca
527 3207 652 3265 tantum
676 3208 770 3285 sunt,
794 3222 875 3288 quae
898 3221 941 3266 ex
963 3202 1107 3286 magistri
1138 3202 1251 3268 ethicis
1272 3204 1306 3268 in
1329 3226 1408 3290 opus

183 3338 274 3381 suum
297 3318 451 3401 inseruit,
486 3319 543 3383 sed
566 3340 604 3383 ea
626 3320 757 3404 gravia,
780 3319 826 3384 ita
849 3326 884 3383 ut
907 3325 1007 3384 totam
1029 3320 1115 3384 illius
1137 3326 1279 3384 mentem
1302 3322 1407 3407 expri-

182 3440 281 3498 mant.
326 3435 457 3520 Epiouri
480 3437 609 3501 moralis
633 3437 776 3501 doctrina
797 3443 911 3524 poetae
935 3438 1025 3524 quasi
1047 3444 1115 3503 erat
1137 3438 1314 3523 refugium,
1345 3460 1407 3526 quo

183 3553 345 3637 religionis
380 3555 508 3619 timores
541 3561 710 3641 penetrare
742 3576 806 3618 non
837 3561 1002 3641 poterant,
1039 3577 1110 3618 cum
1139 3555 1271 3642 physica
1303 3556 1408 3620 aditus

182 3671 322 3734 munitos
344 3677 478 3735 teneret.
514 3673 566 3736 Sic
590 3694 669 3759 pace
691 3673 879 3754 fruebatur,
917 3694 1011 3758 quam
1035 3672 1160 3737 animus
1182 3673 1407 3759 superstitione

183 3788 329 3852 turbatus
352 3789 490 3853 sitiebat.

216 4020 235 4081 ¹)
269 4019 308 4080 V,
328 4022 398 4069 1155.

216 4114 235 4174 2)
268 4115 307 4176 V,
327 4118 386 4164 1151
405 4131 472 4179 seqq.

215 4208 235 4272 3)
271 4208 302 4256 D.
321 4207 408 4268 L.X‚
428 4210 564 4268 150,151.
