3196 5160
764 271 826 334 128

180 495 248 538 esse
271 478 393 559 potest,
423 472 477 559 qui
501 472 547 536 ita
568 493 637 535 rem
661 472 820 557 exposuit.
865 472 946 554 Via,
971 495 1067 560 quam
1090 475 1136 539 sol
1159 476 1193 538 in
1210 476 1299 540 coelo
1319 482 1411 562 quot-

180 592 272 656 annis
313 612 498 677 percurrere
528 589 676 672 videtur,
724 591 763 654 ab
798 591 937 676 antiquis
971 594 1159 656 astronomis
1193 595 1257 657 iam
1292 594 1413 658 indica·

180 711 275 774 batur
305 709 472 773 duodecim
501 708 797 772 constellationibus
831 710 897 772 sive
922 710 1087 773 stellarum
1111 713 1270 795 catervis,
1295 713 1414 798 quibus

181 827 355 911 figurarum
391 824 588 912 quarundam
623 824 865 888 similitudinem
900 826 1084 890 tribuebant
1108 834 1140 890 et
1163 850 1241 914 quas
1264 827 1350 892 hanc
1374 829 1415 893 ob

181 964 249 1007 rem
272 943 446 1006 vocabant:
469 942 637 1023 Arietem,
661 942 825 1024 Taurum,
850 942 1022 1026 Geminos,
1048 943 1224 1027 Cancrum,
1248 946 1415 1029 Leonem,

182 1060 372 1145 Virginem,
418 1059 569 1141 Libram,
617 1058 843 1144 Scorpionem,
891 1058 1121 1143 Sagittarium,
1160 1061 1415 1147 Capricornum,

181 1177 381 1264 Aquarium,
409 1177 528 1240 Pisces.
560 1176 618 1240 Est
642 1175 717 1240 ordo
741 1177 780 1239 ab
798 1197 910 1239 occasu
926 1177 959 1239 in
975 1184 1089 1240 ortum.
1122 1178 1281 1252 Quoniam
1297 1179 1416 1244 horum

181 1295 347 1359 nominum
369 1294 512 1358 maxima
534 1316 607 1380 pars
631 1295 781 1358 animalia
804 1294 946 1376 indicat,
970 1295 1132 1359 zodiacum
1159 1297 1314 1360 circulum
1330 1297 1415 1362 hanc

182 1414 255 1478 solis
271 1434 409 1477 annuam
424 1412 509 1474 viam
525 1412 741 1496 appellabant.
765 1411 1009 1475 Anaximander
1027 1411 1044 1494 ¹)
1069 1413 1118 1486 (ab
1135 1413 1206 1476 aliis
1223 1420 1333 1477 autem
1349 1415 1416 1500 Py-

182 1529 344 1613 thagoras)
359 1529 383 1611 ²)
400 1526 516 1591 dicitur
530 1528 651 1612 primus
663 1526 758 1590 huius
771 1527 890 1591 zodiaci
903 1527 1012 1591 circuli
1026 1528 1246 1613 obliquitatem
1259 1529 1299 1593 ad
1314 1530 1416 1594 circu-

181 1648 248 1710 lum
271 1646 536 1732 aequinoctialem
551 1646 743 1710 observasse.
761 1646 825 1709 Per
836 1645 916 1718 hacc
929 1646 1034 1730 signa,
1056 1668 1137 1733 quae
1149 1649 1415 1731 memoravimus,

182 1765 305 1851 antiqui
329 1763 402 1827 selis
421 1768 526 1826 locum
550 1763 584 1825 in
607 1763 694 1827 caelo
716 1762 847 1825 definire
868 1769 1051 1848 coeperunt.
1086 1764 1153 1827 Nos
1173 1764 1267 1828 hodie
1284 1768 1342 1828 210
1361 1765 1414 1829 (116

182 1881 300 1946 mensis
312 1882 396 1945 Iunii
410 1881 509 1944 solem
520 1882 554 1944 in
567 1881 711 1945 Geminis
727 1880 885 1963 videmus,
910 1883 966 1944 22⁰
981 1881 1032 1944 die
1045 1881 1234 1945 Decembris
1250 1882 1284 1945 in
1306 1882 1415 1966 Sagit-

182 2001 287 2084 tari03
311 2000 488 2064 Democriti
513 2005 620 2063 tamen
644 2006 787 2084 tempore
811 2001 867 2062 210
892 1999 942 2062 (116
966 1999 1056 2063 lunii
1072 2000 1118 2064 sol
1134 2000 1167 2062 in
1184 1999 1307 2064 Cancro
1324 2000 1414 2064 vide·

182 2118 291 2199 batur,
323 2120 379 2180 210
416 2116 466 2180 die
498 2116 686 2179 Decembris
708 2123 815 2180 autem
838 2117 871 2179 in
895 2116 1107 2202 Capricorno,
1142 2119 1198 2180 200
1223 2117 1273 2180 (116
1298 2118 1415 2181 Martis

182 2236 216 2299 in
247 2236 383 2317 Ariete,
419 2237 475 2297 230
508 2233 706 2320 Septembris
740 2234 774 2296 in
800 2233 919 2316 Libra,
950 2255 1031 2320 quae
1056 2235 1116 2298 duo
1139 2240 1299 2320 postrema
1321 2235 1416 2319 signa

181 2355 265 2418 inter
299 2374 333 2416 se
364 2352 511 2437 opposita
545 2351 579 2414 in
606 2352 645 2425 iis
668 2352 793 2437 punctis
816 2352 983 2432 iacebant,
1015 2352 1070 2415 ubi
1095 2340 1231 2415 circulus
1254 2352 1416 2417 Zodiacus

183 2471 335 2535 circulum
358 2468 625 2555 aequinoctialem
651 2474 757 2531 secat:
782 2467 895 2531 Cancri
911 2468 1038 2552 signum
1054 2469 1153 2552 igitur
1168 2469 1416 2553 inveniebatur,

181 2587 237 2652 ubi
272 2585 431 2650 Zodiacus
462 2584 603 2648 maximo
637 2584 805 2647 intervallo
832 2585 1082 2669 septentrionem
1115 2605 1226 2648 versus
1250 2607 1269 2647 a
1292 2585 1418 2650 circulo

181 2702 406 2789 aequinoctiali
439 2701 597 2784 distabat3
630 2700 841 2786 Capricornus
869 2701 924 2764 ubi
947 2702 1087 2765 maxime
1110 2701 1277 2766 meridiem
1300 2724 1419 2768 versus

182 2821 337 2885 Zodiacus
349 2819 516 2902 vergebat.
541 2817 692 2894 Quaestio
705 2823 812 2880 autem
826 2867 833 2900 ,
849 2839 943 2903 quam
958 2818 1161 2883 Democritus
1177 2819 1301 2882 solvere
1318 2841 1419 2886 eona·
1454 2858 1460 2867 ·

184 2943 258 3020 tur,
283 2942 330 3000 est
352 2934 451 2999 haee:
475 2936 530 3021 qui
552 2934 609 3017 fit,
633 2941 669 3009 ut
686 2935 732 2998 sol
755 2934 829 2997 inde
846 2956 864 2998 a
880 2937 935 2998 200
953 2935 1003 2998 (116
1020 2935 1153 3018 Martis,
1177 2936 1232 2999 ubi
1248 2937 1282 2999 in
1298 2937 1419 3003 Ariete

183 3061 252 3138 est,
275 3055 309 3118 in
332 3053 462 3118 circulo,
476 3052 701 3138 aequinoctiali
717 3102 724 3135 ,
749 3072 848 3137 usque
871 3051 912 3116 ad
928 3055 1001 3115 212Ι
1025 3051 1110 3116 diem
1126 3054 1229 3135 Iunii,
1253 3074 1312 3139 per
1328 3054 1431 3119 Tau-

182 3195 253 3238 rum
277 3178 309 3236 et
334 3171 508 3253 Geminos,
538 3170 711 3234 adscendat
734 3169 773 3232 ad
797 3169 971 3250 Cancrum,
996 3168 1132 3251 deinde,
1156 3190 1255 3255 usque
1280 3169 1320 3233 ad
1339 3174 1417 3235 23l¹⁸²

186 3292 270 3356 diem
306 3288 520 3374 Septembris,
552 3286 724 3351 descendat
754 3307 811 3373 per
833 3288 976 3352 Leonem
999 3292 1031 3350 61
1054 3286 1223 3370 Virginem
1245 3289 1414 3374 usquead

183 3409 335 3487 Libram,
364 3407 397 3469 in
429 3405 547 3469 circulo
577 3405 802 3491 aequinoctiali
834 3405 947 3486 sitam,
983 3410 1051 3467 tum
1082 3426 1191 3468 rursus
1215 3405 1413 3473 descendens

183 3549 240 3614 per
264 3525 469 3610 Scorpionem
491 3528 523 3586 et
540 3522 748 3607 Sagittarium
765 3525 821 3585 210
838 3521 889 3585 die
905 3522 1092 3585 Decembris
1108 3521 1148 3585 ad
1164 3523 1413 3610 Capricornum,

182 3646 217 3710 in
250 3643 387 3708 brumali
420 3643 508 3705 flexu
531 3641 644 3723 situm,
678 3640 807 3722 veniat,
843 3639 979 3726 denique
1003 3661 1112 3702 rursus
1134 3639 1331 3704 adscendens
1355 3663 1414 3727 per

184 3760 362 3846 Aquarium
386 3762 418 3821 et
440 3757 571 3839 Pisces,
595 3757 651 3820 20⁰
677 3756 727 3819 die
749 3755 862 3820 Martis
885 3777 993 3818 rursus
1016 3756 1049 3817 in
1072 3755 1205 3837 Ariete,
1234 3756 1267 3819 in
1291 3763 1414 3841 puncto

188 3875 413 3964 aequinoctiali
441 3873 662 3959 conspiciatur.
707 3873 779 3937 Hoc
794 3873 1038 3959 phaenomenon
1051 3873 1097 3937 ita
1113 3874 1215 3937 solvit.
1252 3874 1363 3938 Medio
1379 3875 1416 3942 in

184 3995 304 4061 mundo
338 4000 425 4058 terra
457 3991 610 4079 quiescit;
642 3991 681 4055 ab
717 4013 755 4056 ea
777 3991 895 4055 distant
919 3991 1067 4077 deinceps
1090 3993 1191 4056 auctis
1214 3993 1415 4080 intervallis,

184 4113 282 4195 luna,
316 4112 381 4195 sol,
416 4111 481 4174 fixa
503 4109 629 4192 sidera,
663 4109 770 4195 qualia
803 4114 876 4172 sunt
910 4109 1039 4173 Zodiaci
1051 4106 1083 4192 ³).
1130 4110 1210 4174 Cum
1234 4116 1345 4174 autem
1366 4117 1417 4176 to-

186 4313 367 4324 ..—--

219 4436 238 4502 ¹)
273 4435 338 4486 Plin.
356 4435 424 4486 Hist.
441 4440 492 4486 nat.
511 4435 549 4486 ΙΙ.
567 4438 599 4496 8,
618 4439 657 4487 31.

218 4529 239 4591 ²)
275 4529 341 4580 Plut.
358 4529 421 4593 plac.
439 4529 477 4580 ΙΙ.
498 4532 534 4578 12.

218 4625 236 4685 ³)
270 4623 461 4674 Aeeuratissime
489 4623 719 4687 Pseudo-Origenes
745 4623 772 4671 in
797 4620 1029 4684 Philosophumeuis
1049 4621 1132 4687 (quom
1148 4620 1230 4671 locum
1248 4621 1363 4673 Zellerus
1381 4623 1415 4686 1,
