3196 5160
815 252 856 314 94

235 455 328 538 dicit,
364 454 439 518 inde
472 453 598 539 explico
630 453 734 539 quod,
769 451 928 537 Epicurus
950 453 1007 516 vix
1029 474 1097 517 rem
1121 453 1283 518 definitam
1306 454 1367 519 sibi
1388 476 1464 541 pro·

233 593 351 658 ponere
374 571 501 657 potuit3
532 570 607 633 iude
640 569 696 633 1110
730 569 895 632 fluctuatio
930 570 963 631 in
995 570 1133 633 nomine.
1179 569 1338 644 Quoniam
1362 571 1463 635 etiam

234 689 274 753 ab
312 690 381 775 1000
421 689 526 752 001100
564 687 693 751 fermari
730 692 883 772 possunt,
926 685 1038 753 εἴδωλα
1077 708 1130 752 000
1167 695 1314 752 accurate
1351 689 1464 774 appel·

233 807 300 870 1010
334 827 399 869 000
429 806 549 891 potuit:
584 805 700 867 melius
734 809 842 867 100100
875 803 987 867 fuisset
1016 810 1048 867 et
1072 804 1273 888 distinctius,
1309 807 1461 892 quoniam

233 925 298 989 tale
329 923 405 1010 quid
438 924 498 986 sibi
529 942 707 1008 proponere
731 921 857 1004 debuit,
893 943 988 1007 quam
1010 922 1090 985 illud
1112 928 1240 1009 μορφή,
1271 924 1462 1009 praesertim

234 1064 306 1106 cum
338 1041 421 1105 dicat
453 1061 507 1104 eas
535 1041 661 1125 μορφὰς
693 1060 762 1102 0000
784 1044 848 1104 τῶν
870 1045 1022 1124 pappos,
1058 1061 1138 1125 quae
1162 1040 1394 1125 quodammodo
1418 1062 1463 1104 ex

233 1158 377 1234 εἰδώλοις
411 1157 498 1221 fiant.
544 1157 691 1241 Denique
726 1178 798 1219 oum
829 1156 869 1219 ab
900 1157 1005 1220 animo
1028 1158 1145 1241 partim
1168 1157 1405 1222 conformentur
1428 1163 1463 1222 et

234 1277 359 1340 animus
392 1275 491 1359 igitur
514 1274 688 1338 secundum
711 1273 886 1359 Epicurum
911 1275 958 1337 sui
982 1275 1059 1359 quid
1081 1274 1197 1339 addere
1220 1276 1338 1361 possit,
1372 1275 1463 1357 (κατὰ

232 1396 291 1470 τὴν
335 1397 455 1469 κίνησιν
498 1396 530 1457 ἐν
569 1393 642 1471 ἡμῖν
685 1392 816 1468 αὐτοῖς,
864 1395 1060 1472 συνημμένην
1097 1401 1134 1478 τῇ
1171 1398 1361 1478 φανταστικῇ
1398 1397 1462 1459 ἐπι-

231 1509 339 1597 βολῇ,
375 1508 529 1592 διὰλειψιν
564 1505 595 1572 δὲ
629 1507 779 1592 ἔχουσαν)
802 1505 916 1570 harum
939 1508 1116 1591 imaginum
1139 1509 1220 1573 aliae
1244 1515 1318 1572 sunt
1339 1530 1462 1593 verae,

231 1627 314 1691 aliae
348 1626 467 1690 falsae:
502 1645 596 1688 verae
629 1629 703 1687 sunt
737 1623 910 1709 quaedam,
937 1626 1087 1710 quoniam
1122 1632 1157 1690 ut
1190 1627 1272 1691 01100
1301 1628 1464 1712 imagines

233 1743 431 1807 extrinsecus
472 1741 513 1806 ad
551 1762 661 1805 seusus
695 1739 841 1805 feruntur
873 1762 988 1827 eosque
1023 1743 1186 1827 afficiunt,
1221 1750 1276 1808 aut
1304 1745 1463 1810 01101010

233 1862 303 1946 1000
326 1861 432 1924 001010
455 1859 495 1923 ab
518 1859 647 1923 homine
670 1858 845 1922 formantur
861 1879 878 1922 e
895 1860 1095 1944 copulatione
1111 1861 1245 1926 aliarum
1261 1863 1461 1947 imaginum:

235 1979 333 2044 falsae
364 1986 472 2043 autem
501 1979 604 2060 aliae,
636 1978 785 2063 quoniam
813 1999 876 2041 non
900 1985 948 2041 est
970 1981 1195 2062 ὑποκείμενον,
1226 1980 1310 2065 quod
1330 1981 1371 2045 iis
1393 2003 1463 2045 res-

235 2096 382 2182 pondeat.
427 2095 615 2160 Lucretium
638 2095 672 2157 in
693 2093 753 2158 hac
777 2100 867 2179 parte
890 2117 1002 2180 parum
1025 2117 1094 2160 esse
1117 2104 1302 2162 accuratum
1324 2098 1462 2162 minime

233 2214 387 2278 miramur
417 2235 489 2278 cum
518 2214 587 2298 ipse
618 2213 770 2296 magister
793 2212 946 2277 obscurus
969 2220 1061 2277 esset.
1107 2215 1205 2279 Putat
1227 2214 1307 2280 haec
1329 2217 1463 2281 simula-

233 2357 307 2416 cra,
338 2332 425 2397 aliud
447 2332 637 2396 vocabulum
660 2338 755 2416 poeta
778 2353 841 2394 nou
864 2338 1017 2417 usurpat,
1049 2354 1121 2397 cum
1143 2333 1184 2396 ad
1206 2340 1336 2398 tenuem
1358 2336 1463 2400 animi

232 2458 380 2516 naturam
402 2456 573 2536 penetrent
596 2470 730 2535 eamque
753 2450 874 2532 cicant,
898 2452 1071 2535 (tamquam
1094 2451 1157 2514 alia
1180 2451 1348 2516 simulacra
1370 2452 1462 2517 idem

233 2591 296 2633 non
326 2568 477 2651 facerent)
507 2568 608 2631 multo
632 2588 700 2631 csse
724 2567 887 2649 tenuiora,
923 2589 1017 2652 quam
1041 2589 1122 2653 quae
1146 2569 1252 2632 oculos
1275 2569 1461 2654 lacessunt,

233 2682 424 2772 quamquam
457 2684 537 2749 haec
571 2684 657 2769 apud
690 2683 866 2769 Epicurum
889 2684 939 2767 (D.
963 2685 1000 2748 L.
1025 2685 1067 2748 X.
1092 2688 1144 2768 47)
1167 2686 1231 2748 1010
1254 2695 1322 2762 ταῖς
1346 2686 1463 2753 λεπτό-

229 2833 321 2880 τησιν
345 2801 604 2889 ἀνυπερβλήτοις
627 2805 797 2888 κεχρῆσθαι
826 2800 982 2865 dicuntur.
1028 2801 1183 2866 Animum
1207 2825 1244 2866 00
1267 2803 1461 2869 conformari

229 2941 321 3005 00000
355 2919 525 2984 Lucretius
559 2917 611 2981 hic
645 2939 709 2982 000
740 2919 913 2982 confirmat.
959 2918 1023 2982 sed
1053 2920 1088 2983 H
1118 2941 1164 2983 vs.
1201 2923 1263 2984 740
1295 2921 1333 2984 de
1357 2923 1462 2987 animi

229 3036 348 3100 iniectu
372 3037 497 3100 loeutus
520 3042 589 3119 est,
614 3035 652 3099 de
677 3036 836 3100 00001101
859 3036 1030 3119 facultate,
1055 3060 1116 3123 qua
1134 3059 1185 3101 100
1202 3038 1262 3101 sibi
1277 3060 1460 3124 proponere

230 3158 263 3216 et
295 3152 415 3236 fingere
450 3158 571 3238 potest,
604 3173 684 3237 quae
716 3152 860 3215 sensibus
894 3174 958 3216 non
981 3154 1219 3239 percipiuntur,
1251 3160 1288 3218 ut
1310 3161 1460 3240 atomos,

230 3271 370 3355 exempli
405 3269 517 3354 gratia.
562 3269 622 3333 1110
646 3270 743 3334 001011
766 3270 1008 3333 iniectusidem
1031 3292 1099 3335 0000
1124 3271 1236 3354 debet,
1272 3273 1356 3358 quod
1378 3273 1460 3360 Epi·

229 3408 323 3451 curus
354 3389 566 3473 φανταστικὴν
599 3386 760 3472 ἐπιβολήν
783 3392 885 3450 vocat.
929 3389 969 3451 ln
992 3409 1030 3452 00
1052 3395 1142 3474 00110
1166 3389 1238 3452 libri
1261 3390 1327 3473 IV,
1359 3412 1460 3475 quam

227 3526 312 3568 01100
346 3504 557 3589 exponimus,
592 3508 702 3589 00010,
720 3502 802 3567 haue
837 3525 905 3567 rem
940 3504 1068 3569 uberius
1099 3506 1281 3571 describere
1305 3507 1457 3574 debuisse
1492 3581 1494 3585 ¹

227 3623 318 3686 nobis
351 3621 499 3704 videtur,
535 3642 606 3684 cum
636 3620 688 3685 hic
712 3624 821 3684 earum
844 3643 951 3685 rerum
974 3623 1210 3688 tractandarum
1233 3627 1459 3711 opportunitas

228 3739 403 3804 offerretur.
464 3739 550 3803 Dicit
594 3739 833 3822 tantummode,
859 3793 864 3801 .
890 3740 1046 3824 imagines
1090 3743 1207 3826 partim
1245 3749 1358 3829 sponte
1397 3766 1459 3810 sua

228 3877 301 3920 aere
339 3858 372 3919 in
409 3857 478 3941 1000
515 3857 584 3920 fieri
604 3854 645 3939 ¹),
692 3858 808 3942 partim
845 3879 864 3920 a
901 3857 1083 3943 corporibus
1120 3860 1277 3944 profluere
1291 3859 1333 3943 ²),
1382 3884 1458 3947 par·

228 3975 286 4037 tim
311 3996 352 4038 ex
375 3981 510 4060 utroque
534 3995 652 4058 genere
676 3995 744 4038 0000
768 3975 956 4038 commixtas
968 3976 1004 4057 3).
1048 3975 1149 4038 Ρ11101
1172 3976 1320 4060 generis,
1343 3997 1457 4040 exem-

233 4219 402 4228 -—----

261 4384 280 4448 ¹)
312 4385 356 4434 Vs.
375 4385 428 4436 736.
463 4385 495 4434 1).
512 4386 542 4435 L.
560 4383 594 4436 X.
612 4388 659 4434 48:
678 4388 719 4436 rat
737 4388 869 4444 συστάσεις
886 4387 913 4437 ἐν
930 4391 967 4452 τῷ
984 4390 1125 4453 περιέχοντι
1143 4391 1228 4446 ὀξεῖαι.

258 4479 279 4544 ²)
314 4479 357 4529 Vs.
377 4480 432 4531 737.
464 4480 497 4528 D.
509 4481 538 4529 L.
556 4480 572 4528 1.
585 4481 608 4529 l:
626 4480 710 4546 ῥιῦᾳις
727 4483 779 4534 ἀπὸ
791 4488 842 4534 τῶν
854 4486 977 4547 σωμάτων
989 4486 1033 4533 τοῦ
1046 4483 1173 4544 ἐπιπολῆς
1185 4487 1294 4549 συνεχὴς
1307 4485 1453 4551 συμβαίνει.

259 4575 277 4633 ³)
311 4574 355 4624 Vs.
374 4576 428 4626 738.
463 4573 609 4623 D.L.1.1.
636 4575 715 4626 εἶκαὶ
732 4574 812 4627 ἐνίοτε
829 4578 983 4643 συγχεομένη
1003 4577 1120 4644 ὑπάρχει.
