3196 5160
780 284 821 346 27

184 510 255 552 oum
278 489 318 553 de
341 489 454 553 iisdem
477 495 510 554 et
533 489 604 553 aliis
628 494 807 553 atomorum
829 483 1081 571 proprietatibus
1098 504 1201 546 sermo
1218 482 1288 546 erit.
1312 481 1415 545 Poeta

151 671 153 674 .
184 612 312 688 autem,
347 629 418 671 cum
453 629 542 672 suam
573 607 749 671 doctrinam
778 603 976 688 argumentis
999 602 1196 683 firmaverit,
1233 599 1273 664 ad
1296 600 1416 662 dissen-

183 725 332 788 tientium
362 724 624 810 philosophorum
658 723 777 810 placita
806 720 975 785 refutanda
998 720 1122 783 transit.
1169 719 1306 783 Multam
1330 718 1415 780 enim

183 841 251 925 ipse
285 840 444 925 Epicurus
478 841 566 904 dedit
600 862 751 926 operam,
787 846 823 902 ut
857 839 990 904 aliorum
1030 837 1206 901 doctrinam
1243 835 1415 919 redargue·

183 962 233 1020 ret
252 958 294 1040 ¹),
327 980 421 1043 quam
451 958 608 1022 rationem
632 957 802 1022 Lucretius
826 963 954 1019 secutus
978 962 1036 1018 est.
1081 955 1121 1018 In
1143 952 1203 1018 hac
1227 959 1317 1038 parte
1341 973 1415 1038 ope·

184 1075 227 1138 ris
261 1081 355 1160 poeta
377 1075 496 1139 refellit
519 1075 699 1157 Heracliti,
724 1074 951 1159 Empedoclis,
975 1073 1191 1157 Anaxagorae
1215 1072 1413 1155 aliorumque

186 1191 382 1275 doctrinam,
404 1193 457 1279 qui
484 1214 695 1278 ,quamquam
718 1193 821 1256 multa
843 1192 925 1256 bene
949 1214 985 1256 ao
1009 1191 1162 1254 divinitus
1186 1189 1414 1269 inveniebant,

185 1309 350 1395 principiis
372 1317 479 1374 tamen
503 1311 536 1373 in
558 1331 666 1374 rerum
689 1310 792 1374 fecere
816 1311 924 1374 ruinas
948 1315 980 1374 et
1003 1308 1144 1394 graviter
1166 1306 1276 1390 magni
1297 1326 1415 1390 magno

187 1426 329 1490 cecidere
352 1426 397 1490 ibi
420 1427 566 1509 casu²).’'

229 1541 389 1606 Heracliti
423 1543 581 1628 imprimis
616 1543 812 1625 doctrinam,
859 1564 932 1607 cum
968 1563 1038 1606 eam
1074 1541 1173 1606 Stoici
1196 1544 1415 1626 sequerentur,

187 1658 303 1722 aeriter
325 1660 492 1744 impugnat
517 1661 721 1742 (635-705,
748 1661 944 1750 7822—802).
991 1659 1094 1733 Quem
1117 1659 1244 1743 ipsum,
1273 1656 1299 1720 si
1322 1676 1417 1740 quae-

187 1775 287 1858 ritur,
311 1798 389 1840 num
412 1778 583 1841 Lucretius
606 1783 681 1842 ante
705 1752 813 1841 oculos
835 1776 1005 1853 habuerit,
1037 1775 1194 1841 affirmare
1217 1795 1280 1837 non
1303 1773 1414 1836 ausim.

187 1891 290 1956 Multa
312 1913 426 1956 revera
449 1893 559 1975 affert,
592 1914 673 1979 quae
696 1894 736 1959 ab
759 1894 829 1980 ipso
853 1894 1020 1958 Heraclito
1044 1893 1129 1956 diota
1152 1912 1221 1956 esse
1244 1890 1415 1971 videntur,

188 2009 318 2094 eiusque
353 2009 529 2074 doctrinam
560 2010 710 2093 omnino,
745 2018 902 2097 quatenus
936 2011 1065 2097 quidem
1097 1990 1272 2072 diiudicare
1306 2027 1416 2092 possu-

186 2147 278 2208 mus,
325 2148 397 2190 cum
431 2127 494 2192 fide
535 2129 694 2214 expressit
706 2132 754 2212 ³),
796 2129 852 2192 sed
886 2135 995 2193 tamen
1024 2127 1118 2192 modo
1153 2127 1192 2191 de
1227 2125 1416 2207 Heraclito,

186 2244 281 2308 modo
322 2246 357 2309 in
386 2246 502 2331 plurali
525 2245 697 2331 numer04)
733 2247 772 2312 de
808 2248 923 2313 Stoicis
957 2254 1047 2332 (quos
1070 2252 1179 2309 tamen
1200 2244 1329 2308 nomine
1353 2264 1417 2306 non

186 2361 319 2444 indicat)
355 2362 516 2448 loquitur:
552 2373 685 2451 apparet
720 2366 819 2450 igitur
850 2386 924 2429 eum
954 2363 1157 2428 Heraclitum
1179 2368 1216 2425 ut
1239 2361 1416 2446 principem

188 2485 222 2544 et
256 2479 376 2544 fontem
409 2483 620 2548 invisissimas
652 2484 779 2548 scholae
814 2503 1027 2570 oppugnasse.
1073 2481 1238 2545 Adversus
1268 2478 1418 2566 physicos

191 2757 276 2822 spexit
293 2761 453 2810 sententiam:
472 2765 582 2811 attamen
599 2778 662 2826 quas
679 2763 709 2811 de
726 2764 844 2811 cacumine
855 2761 926 2811 affert
937 2767 963 2811 et
979 2763 1009 2811 de
1026 2777 1115 2821 causa,
1134 2777 1178 2810 cur
1189 2763 1326 2810 atomorum
1336 2763 1419 2822 partes

187 2853 264 2902 avelli
289 2870 339 2905 non
361 2855 472 2918 possint,
499 2873 549 2907 non
574 2856 706 2921 probarim.
742 2857 800 2907 Huc
824 2857 928 2908 fortasse
952 2858 1109 2908 referendum
1134 2861 1172 2906 est
1194 2857 1261 2920 quod
1276 2856 1310 2905 D.
1330 2855 1358 2903 L.
1377 2854 1416 2914 X,

189 2955 221 3001 43
238 2951 312 3002 dicit:
330 2951 388 3004 οὐδὲ
407 2956 456 3018 γάρ
475 2959 532 3003 cett.
558 2954 628 3004 Haec
645 2954 721 3004 verba
737 2954 773 3004 sio
789 2953 947 3017 interpretari
963 2953 1055 3004 velim:
1074 2969 1154 3017 neque
1170 2951 1248 3012 enim,
1260 2950 1343 3016 inquit
1354 2949 1418 2999 infe·

188 3045 258 3107 rius,
285 3046 312 3095 in
335 3046 463 3096 infinitum
486 3046 562 3098 sectio
587 3053 626 3098 est
642 3047 759 3112 quoniam
776 3047 909 3112 qualitates
926 3052 1073 3107 (atomorum
1090 3046 1143 3097 sivs
1166 3045 1259 3109 rerum)
1275 3050 1418 3105 mutantur,

188 3141 283 3206 siquis
299 3159 349 3192 non
362 3142 460 3192 dubitat
476 3143 565 3204 dicere,
584 3160 625 3194 eas
638 3144 753 3208 (atomos)
766 3142 842 3194 etiam
859 3142 1074 3207 magnitudinibus
1091 3142 1237 3206 simpliciter
1253 3140 1280 3190 in
1291 3139 1419 3189 infinitum

188 3234 295 3286 transire
312 3235 348 3301 (se
365 3238 531 3302 protendere).
566 3237 723 3287 Mutavimns
747 3244 830 3287 antem
853 3239 920 3303 λέγει
938 3238 975 3296 δὲ,
994 3239 1059 3302 quod
1076 3237 1104 3286 in
1120 3236 1204 3286 codiee
1229 3234 1345 3286 Leidensi
1361 3240 1418 3284 ante

189 3331 276 3392 ἐπειδή
294 3331 393 3395 legitur,
411 3331 455 3381 ubi
472 3349 545 3382 suum
561 3331 644 3382 locum
661 3334 810 3393 nonhabet,
827 3332 854 3382 in
871 3332 961 3398 λέγειν,
979 3332 1043 3397 quod
1060 3331 1189 3395 posuimus
1200 3335 1254 3394 post
1265 3332 1351 3393 μέλλει
1363 3345 1417 3387 ric:

189 3425 279 3475 deinde
306 3425 443 3488 ἐκβάλλειν
469 3428 535 3490 quod
560 3443 659 3476 sensum
683 3444 733 3477 non
755 3427 872 3490 praebet,
900 3425 1052 3476 mutavimus
1077 3425 1105 3474 in
1128 3425 1263 3488 ἐκβαίνειν.
1296 3425 1420 3487 Legamus

189 3519 284 3584 igitur:
311 3520 367 3572 οὐδὲ
397 3521 445 3587 γάρ
462 3522 540 3585 φησὶν
558 3520 694 3585 ἐνδοτέρω,
721 3521 755 3578 εἷς
772 3523 879 3585 ἄπειρον
898 3522 913 3580 ἡ
932 3522 996 3584 τομὴ
1015 3522 1150 3587 τυγχάνει,
1169 3519 1254 3579 ἐπειδὴ
1272 3519 1297 3568 ni
1315 3523 1418 3577 actita-

191 3633 233 3673 τες
256 3615 466 3679 μεταβάλλονται
492 3615 512 3665 si
537 3617 571 3679 μὴ
595 3616 680 3680 μέλλει
705 3635 744 3674 τις
768 3617 852 3681 λέγειν
876 3617 918 3665 καὶ
936 3620 989 3674 τοῖς
1006 3616 1137 3683 μεγέθεσιν
1155 3617 1245 3673 ἁπλῶς
1263 3615 1296 3672 εἰς
1313 3617 1420 3680 ἄπειρον

189 3711 273 3767 αὐτὰς
290 3693 429 3773 induimur.

224 3802 242 3862 ι)
275 3804 438 3867 Anaxagorae
465 3802 601 3853 doctrinam
625 3804 716 3866 partim
733 3805 859 3868 redarguit
877 3805 920 3863 (D.
939 3807 968 3854 L.
986 3806 1027 3866 X,
1056 3807 1113 3866 12)ss
1138 3803 1229 3853 librum
1247 3801 1360 3866 scripsit,
1378 3800 1419 3850 cui

190 3898 295 3948 titulus:
321 3901 448 3964 Ἐπιτομὴ
466 3904 517 3950 τῶν
535 3904 600 3962 πρὸς
618 3903 678 3958 τοὺς
695 3903 815 3965 φυσικούς
834 3901 876 3965 (D.
895 3901 924 3949 L.
942 3901 984 3960 X,
1003 3900 1059 3965 27);
1077 3916 1164 3963 porro:
1184 3905 1248 3962 πρὸς
1260 3895 1418 3963 Μεγαρίκους

192 3993 330 4058 διαπορίαι.
365 3993 471 4060 Cynicos
494 3995 650 4059 oppugnavit
677 3995 719 4052 [D.
738 3995 766 4044 L.
791 3997 832 4056 X,
862 3996 936 4058 116);
955 3997 1073 4045 adversus
1091 3994 1242 4059 Cyrenaicos
1259 3992 1357 4056 scripsit
1376 3994 1417 4054 (D.

191 4089 223 4140 L.
241 4090 280 4148 X,
299 4092 358 4150 136,
379 4092 443 4152 137).
478 4091 608 4139 Praeterea
624 4106 638 4139 e
654 4090 800 4154 fragmentis
825 4091 884 4140 satis
908 4097 1009 4154 apparet
1035 4107 1091 4140 eum
1108 4091 1226 4138 adversus
1243 4089 1304 4138 alios
1321 4104 1419 4153 quoque

192 4183 318 4248 scripsisse
335 4186 366 4234 cf.
384 4185 439 4235 Vol.
459 4187 531 4236 Here.
551 4186 579 4235 II
598 4188 782 4250 περὶφύσεως,
801 4187 846 4247 ΙΙ,
865 4187 910 4236 ool.
928 4187 990 4236 VII.

225 4281 245 4338 2)
280 4280 309 4342 1‘,
329 4282 375 4332 736
393 4297 459 4345 seqq.

226 4376 245 4435 ³)
279 4377 351 4426 Luor.
370 4377 400 4437 1,
427 4380 490 4437 636,
518 4376 638 4426 Miillach.
656 4377 744 4440 fragm.
771 4377 870 4427 Herael.
889 4381 936 4438 493
963 4377 991 4437 1,
1011 4380 1074 4436 693;
1102 4377 1174 4427 Mun.
1192 4381 1223 4428 fr.
1242 4383 1289 4440 23,
1308 4379 1336 4440 Ι,
1355 4380 1418 4438 783;

194 4470 270 4520 Miill.
287 4471 317 4520 fr.
336 4474 382 4533 31,
407 4471 475 4520 aliud
499 4477 583 4522 tamen
601 4474 639 4520 69.
674 4472 720 4522 Ad.
739 4489 776 4521 vs.
796 4475 842 4521 699
860 4489 926 4537 seqq.
947 4473 974 4522 ef
987 4479 1113 4537 praeterea
1142 4475 1314 4525 Teichmr'iller.
1348 4475 1420 4525 Neue

196 4565 315 4626 Studien,
333 4581 389 4630 pag.
408 4569 455 4629 993
473 4569 504 4616 ad
521 4571 568 4616 665
585 4583 652 4631 seqq.
671 4567 752 4618 Zeller
769 4568 798 4629 Ι,
816 4583 872 4632 pag.
891 4571 938 4618 694
955 4570 992 4618 ed.
1011 4573 1042 4629 4,
1062 4571 1132 4621 1877.

227 4659 249 4724 ⁴)
285 4659 314 4720 I,
333 4662 379 4708 666
397 4676 466 4724 sqq,
485 4664 531 4708 666
552 4677 633 4725 seqq„
652 4664 714 4721 705,
734 4664 788 4712 782.
