3196 5160
778 315 819 378 37

183 512 350 578 ridemus:
385 514 497 580 eodem
523 516 618 582 modo
644 517 730 580 enim
753 537 846 581 omne
869 518 1007 603 spatium
1029 518 1210 603 primordiis
1233 526 1282 583 est
1304 521 1409 606 reple·

184 637 273 715 tum,
309 655 389 719 quae
423 641 577 720 perpetuo
607 641 795 718 moventur,
831 636 892 699 etsi
913 657 977 700 non
999 635 1146 700 videmus
1169 637 1283 722 quibus
1306 638 1410 723 plagis

184 749 246 812 sint
281 751 448 815 excitata
480 752 653 816 Moventur
686 753 784 837 igitur
818 753 989 838 primordia
1011 754 1150 839 primum
1172 775 1230 840 per
1253 776 1286 818 se
1309 760 1342 819 et
1364 777 1410 820 se·

184 866 338 952 paratim3
373 867 488 933 deinde
521 870 674 933 nonnulla
707 870 916 935 conciliantur
947 870 994 934 ita
1021 877 1058 934 ut
1091 872 1317 956 „parvissima”
1343 893 1409 936 cor·

185 1003 262 1068 pora
284 985 458 1068 exsistant,
482 1007 562 1072 quae
586 987 661 1051 dum
683 993 874 1070 moventur,
897 994 1053 1074 perpetuo
1078 988 1148 1052 aliis
1164 989 1279 1064 atomis
1291 1009 1409 1073 augen-

184 1106 256 1183 tur,
279 1101 325 1166 ita
345 1108 383 1166 ut
405 1103 534 1168 tandem
557 1102 636 1169 haec
660 1126 791 1190 corpora
813 1111 1002 1188 nascantur,
1018 1127 1099 1192 quae
1114 1127 1199 1169 nunc
1215 1105 1362 1170 videmus
1376 1108 1408 1190 ¹).

184 1217 247 1283 Hic
279 1225 385 1284 motus
418 1227 596 1286 atomorum
630 1244 793 1309 nunquam
827 1223 956 1287 initium
991 1222 1104 1288 habuit
1134 1243 1240 1309 neque
1268 1244 1409 1309 unquam

185 1336 341 1419 cessabit3
373 1359 469 1402 causa
499 1339 568 1403 eius
602 1340 687 1403 enim
710 1345 759 1403 est
782 1340 889 1423 gravis
902 1335 1027 1404 'natura
1049 1346 1226 1404 atomorum
1251 1345 1283 1404 et
1304 1340 1409 1404 inanis

184 1460 318 1538 natura,
353 1477 434 1542 quae
467 1456 506 1521 iis
540 1464 696 1542 perpetuo
718 1457 824 1522 locum
846 1457 981 1542 praebet
1004 1479 1062 1543 per
1085 1479 1180 1545 quem
1201 1463 1408 1542 moveantur,

186 1592 227 1635 cx
261 1570 311 1636 his
343 1573 444 1658 igitur
483 1574 628 1657 ,initium
662 1576 801 1660 primum
835 1575 921 1660 capit
943 1596 996 1639 res
1020 1597 1166 1662 quaeque
1188 1575 1360 1640 movendi'’
1373 1573 1408 1654 ²).

184 1689 335 1755 Materies
359 1698 391 1755 ct
412 1697 518 1756 motus
541 1692 663 1756 secerni
686 1714 750 1756 non
773 1698 915 1779 possunt.

227 1806 355 1881 Quanta
384 1814 492 1872 autem
514 1809 678 1873 celeritate
702 1810 800 1873 atomi
823 1814 1014 1874 moveantur
1037 1809 1183 1895 patebit,
1222 1810 1249 1873 si
1272 1831 1344 1897 cum
1371 1831 1410 1875 ea

185 1922 259 1986 solis
288 1922 449 1988 radiorum
471 1924 683 1988 mobilitatem
706 1925 917 2008 conserimus,
949 1947 1011 2012 qua
1033 1925 1080 1988 illi
1103 1925 1235 1990 minima
1256 1926 1410 2012 temporis

184 2047 275 2126 parte
309 2042 416 2107 omnia
438 2043 580 2112 interra
602 2043 784 2106 illustrant:
819 2050 852 2107 at
875 2043 974 2107 atomi
998 2044 1100 2108 multo
1124 2044 1218 2107 citius
1240 2049 1410 2108 moventur

185 2181 257 2224 cum
292 2182 350 2225 neo
374 2183 505 2247 corpora
528 2162 697 2247 complexa
718 2161 782 2226 sint
804 2168 840 2226 ut
862 2161 962 2242 radii,
986 2184 1045 2227 nec
1068 2184 1126 2248 per
1147 2162 1289 2227 medium
1311 2162 1409 2250 quod·

186 2277 258 2342 dam
281 2278 338 2343 sed
359 2300 418 2366 per
439 2281 535 2345 inane
557 2279 693 2363 cadant,
716 2280 763 2344 ita
785 2286 821 2344 ut
843 2280 925 2343 nihil
948 2280 988 2344 iis
1011 2281 1139 2345 resistat
1156 2279 1191 2359 ³).
1215 2281 1317 2347 Poeta
1339 2303 1409 2367 por-

183 2416 218 2459 ro
233 2395 259 2480 4)
294 2403 403 2462 censet
437 2418 506 2462 esse
529 2397 686 2484 quaedam
709 2396 949 2483 phaenomena,
973 2420 1055 2484 quae
1078 2398 1269 2484 discipulum
1292 2422 1311 2464 a
1332 2421 1410 2464 vera

183 2515 308 2580 ratione
341 2521 486 2580 avertere
520 2516 658 2601 possint:
694 2516 776 2580 hanc
810 2515 850 2580 ob
879 2537 947 2580 rem
971 2538 1044 2581 eum
1067 2522 1176 2581 monet
1197 2518 1318 2581 nullam
1340 2539 1409 2582 rem

184 2654 241 2696 sua
265 2634 296 2697 vi
318 2655 443 2698 sursum
464 2634 540 2699 ferri
562 2656 673 2720 posse;
697 2657 778 2721 quae
800 2655 980 2720 repugnare
1003 2640 1114 2699 contra
1128 2633 1210 2699 hano
1226 2634 1409 2720 opinionem

184 2750 335 2816 videntur
364 2753 470 2837 sagaci
491 2759 599 2817 mente
624 2753 785 2838 explicat,
815 2753 1013 2838 argumentis
1036 2753 1141 2817 allatis
1164 2774 1299 2839 quorum
1323 2752 1408 2816 simi·

184 2867 229 2932 lia
251 2869 337 2956 apud
358 2869 535 2955 Epicurum
557 2892 622 2935 non
645 2871 836 2935 invenimus.

227 2988 347 3053 Mirum
369 2989 461 3053 nobis
482 2988 609 3053 videtur
631 2988 755 3052 nullum
773 2990 946 3053 multorum
970 2989 1121 3053 vitiorum
1141 2966 1274 3075 Epicuri
1295 2987 1409 3052 doctri·

185 3127 244 3171 nae
278 3129 298 3171 a
319 3106 469 3171 Lucretio
496 3104 752 3170 animadversum
775 3111 808 3169 et
832 3106 987 3169 evitatum
1010 3127 1101 3170 esse:
1125 3105 1210 3192 quod
1233 3106 1408 3170 certissimo

185 3225 275 3290 nobis
291 3232 339 3289 est
361 3224 478 3289 indicio
502 3245 575 3288 eum
598 3224 742 3308 magistri
766 3223 999 3309 philosophiam
1022 3229 1147 3288 tantum
1162 3225 1408 3310 interpretatum

186 3362 271 3425 esse,
306 3342 389 3430 quod
418 3348 585 3428 praeterea
607 3342 810 3427 perspicuum
833 3347 882 3405 est
897 3362 915 3406 e
930 3342 1007 3406 locis
1022 3341 1104 3406 infra
1119 3364 1138 3406 a
1153 3342 1244 3406 nobis
1259 3342 1406 3406 laudatis.

186 3458 342 3546 Ilpicmus
377 3460 469 3524 docet
504 3465 625 3524 atomos
660 3465 815 3545 perpetuo
851 3459 964 3523 cadere
988 3480 1222 3545 pervacuum,
1253 3459 1309 3523 sed
1331 3481 1407 3545 quo-

186 3578 278 3642 modo
300 3578 334 3641 id
358 3578 524 3643 concinere
547 3577 647 3663 possit
667 3598 740 3641 cum
763 3576 898 3658 ceteris,
922 3597 1003 3662 quae
1027 3575 1139 3659 docet,
1166 3597 1230 3640 non
1257 3575 1408 3662 perspici-

188 3736 354 3743 -——-——

218 3801 236 3862 ¹)
272 3797 414 3848 Stob.1tcl.
432 3797 461 3858 I,
479 3800 542 3857 366,
568 3796 719 3860 Ἐπίκουρός
737 3793 835 3860 (φησιν)
854 3796 1019 3858 ἀπερίληπτα
1039 3795 1101 3843 εἶναι
1120 3794 1152 3843 τὰ
1168 3793 1288 3856 σώματα,
1315 3792 1358 3840 παῖ
1375 3793 1408 3842 τὰ

187 3899 273 3955 πρῶτα
290 3896 334 3958 μὲν
351 3893 486 3947 ἁπλᾶ·τά
504 3891 528 3940 δὲ
546 3892 570 3946 ἐξ
588 3891 688 3940 ἐκείνων
705 3890 865 3956 συγκρίματα
882 3887 963 3951 βάρος
980 3877 1057 3950 ἔχειν.

215 3987 236 4053 ²)
271 3987 345 4036 Lucr.
362 3985 391 4046 Ι,
410 3988 472 4046 383,
490 3984 536 4044 ΙΙ,
555 3987 593 4032 92.
611 3983 680 4047 Epic.
699 3983 731 4032 D.
750 3982 779 4032 L.
797 3982 835 4042 X,
852 3986 901 4043 44,
919 3983 987 4047 ἀρχὴ
1004 3980 1029 4032 δὲ
1047 3980 1147 4032 τούτων
1158 3981 1205 4031 οὐκ
1216 3979 1301 4041 ἔστιν,
1319 3977 1408 4030 αἰτιῶν

188 4089 236 4133 τῶν
253 4084 354 4145 ἀτόμων
370 4081 453 4132 οὐσῶν
464 4083 513 4128 -rai
530 4082 575 4129 τοῦ
593 4082 673 4129 κενοῦ.

216 4178 237 4240 ³)
271 4177 304 4226 D.
322 4178 351 4227 L.
369 4176 411 4236 X,
437 4179 468 4224 46
491 4176 532 4224 καὶ
556 4177 607 4237 μὴν
629 4176 672 4234 aul
696 4174 711 4234 ἡ
733 4165 774 4224 διὰ
791 4177 836 4224 τοῦ
854 4175 927 4223 κενοῦ
944 4175 1010 4238 φορὰ
1027 4173 1093 4222 κατὰ
1110 4169 1235 4236 μηδεμίαν
1257 4169 1407 4231 ἀπάντησιν

188 4280 236 4322 τῶν
258 4271 457 4336 ἀντιτοψάντων
474 4270 592 4336 γειναμένη
610 4274 665 4320 πᾶν
680 4275 759 4332 μῆκος
776 4272 938 4333 περιληπτὸν
953 4269 980 4317 ἐν
997 4266 1160 4330 ἀπερινοήτῳ
1179 4268 1264 4331 χρόνῳ
1283 4270 1406 4316 συντελεῖ.

216 4368 236 4434 ⁴)
271 4367 599 4418 vs.165-184hucn0n
615 4365 737 4415 referendi
759 4372 825 4414 sunt.
860 4364 898 4414 cf.
916 4362 1017 4413 Lachm·
1036 4364 1133 4426 (comm.
1150 4378 1175 4425 p.
1193 4361 1250 4427 84),
1267 4362 1307 4409 cui
1323 4375 1407 4410 essen·

188 4463 247 4526 tior,
277 4479 427 4529 quamquam
443 4462 516 4513 fetori
543 4478 616 4526 cogor
643 4479 682 4512 me
709 4477 758 4510 non
786 4459 943 4523 intellegere,
972 4457 1016 4523 qui
1044 4456 1088 4507 ille
1108 4456 1168 4507 alibi
1189 4457 1309 4506 affirmare
1330 4456 1409 4518 possit

188 4556 275 4610 librum
291 4560 398 4623 primum
415 4575 430 4608 c
446 4564 519 4622 poeta
534 4557 675 4608 absolutum
698 4572 751 4606 esso
776 4555 815 4616 (cs.
845 4570 932 4605 comm.
957 4554 995 4603 ad.
1023 4553 1053 4615 Ι,
1071 4555 1143 4618 922),
1161 4550 1299 4617 quilibet,
1322 4555 1352 4600 ut
1367 4566 1407 4601 os·

189 4655 324 4716 tendimus,
349 4654 437 4704 iisdem
453 4653 549 4703 laborat
564 4648 633 4703 'vitiis
650 4651 740 4716 quibus
757 4649 839 4700 ceteri.
