3196 5160
765 305 827 368 172

181 498 295 586 βιοτῆς
318 505 444 589 χρόνον
466 507 499 570 ἐν
521 511 680 592 ταραχῇσι
703 510 752 571 καὶ
772 504 906 591 φόβοισι
921 505 1189 590 ταλαιπωρέουοι,
1210 505 1328 591 ψεύδεα
1346 511 1422 594 περὶ

181 623 238 683 τοῦ
268 620 343 701 μετὰ
371 622 429 697 τὴν
452 621 598 699 τελευτὴν
620 621 918 704 μυθοπλαστέοντες
942 624 1064 708 χρόνου
1085 623 1116 706 1).
1160 624 1270 709 Ipsam
1292 625 1424 709 allego-

181 734 261 799 riam
283 742 392 801 tamen
414 738 500 823 apud
523 760 577 803 eos
600 761 664 803 non
686 739 889 823 invenimus,
923 740 1057 804 fortasse
1080 741 1180 825 igitur
1202 764 1221 806 a
1243 748 1345 826 poeta
1366 747 1424 806 est

183 851 325 917 inventa.
357 854 504 941 Denique
527 877 568 919 ne
590 862 727 920 mortem
749 857 903 935 timeant,
927 863 1152 942 argumentum
1175 858 1268 922 affert
1291 859 1423 923 Lucre·

184 969 248 1041 tius
281 993 390 1037 rursus
423 973 564 1038 maxime
597 975 759 1059 poeticum
788 980 820 1039 et
842 996 862 1038 a
884 981 980 1060 poeta
1002 975 1134 1040 fortasse
1157 983 1332 1063 sumptum.
1383 976 1422 1042 si

82 1136 86 1145 .
184 1095 321 1152 mortem
355 1090 492 1167 metuis,
526 1097 687 1155 memento
722 1097 754 1155 te
788 1112 852 1155 non
875 1092 977 1155 solum
1008 1093 1099 1156 mori.
1143 1093 1358 1157 illustrissimi
1385 1100 1423 1158 et

185 1206 352 1270 clarissimi
367 1207 449 1290 viri,
473 1207 604 1291 heroes,
627 1215 764 1294 poetae,
788 1208 970 1295 philosophi
985 1211 1135 1274 ultimum
1151 1211 1298 1274 obierunt
1313 1211 1421 1295 diem,

184 1329 221 1387 tu
255 1344 311 1387 cur
339 1325 465 1388 viveres
498 1325 532 1388 in
563 1325 799 1408 aeternumP2).
847 1330 993 1393 Κάτθαυε
1025 1333 1073 1393 καὶ
1100 1327 1290 1414 Πάτροκλος
1314 1333 1332 1394 ὅ
1356 1358 1419 1416 περ

184 1445 238 1506 σέο
260 1440 389 1507 πολλὸν
412 1443 548 1525 ἀμείνων
563 1439 595 1524 ³).
642 1441 779 1507 Omnino
802 1443 828 1507 si
850 1464 929 1529 pace
952 1443 1014 1507 frui
1037 1444 1096 1522 vis,
1119 1443 1229 1508 desine
1251 1445 1421 1511 immorta-

183 1558 307 1622 fitatem
342 1559 540 1642 desiderare,
575 1581 678 1646 neque
714 1562 800 1624 enim
834 1582 936 1643 „nova
964 1560 1102 1626 vivendo
1138 1561 1325 1646 procuditur
1348 1563 1421 1627 ulla

184 1677 351 1763 voluptas:
382 1677 438 1741 sed
472 1678 547 1741 dum
581 1679 672 1743 abest
705 1678 790 1765 quod
824 1699 977 1761 avemus,
1009 1678 1043 1742 id
1065 1700 1261 1766 exsuperare
1284 1679 1421 1744 videtur

185 1769 312 1859 cetera:
343 1800 416 1881 post
449 1795 553 1878 aliud,
584 1817 656 1860 cum
680 1796 814 1879 contigit
837 1795 937 1879 illud,
975 1817 1127 1879 avemus,
1164 1803 1197 1860 et
1219 1797 1288 1860 sitis
1312 1818 1422 1884 aequa

185 1917 275 1976 tenet
297 1912 375 1976 vitai
398 1933 523 1999 semper
545 1913 683 1978 hiantis’'
698 1913 732 1997 )⁴.
763 1913 863 1979 Ὅθεν
886 1919 1006 1999 γνῶσις
1031 1915 1113 2000 ὀρθὴ
1136 1922 1192 1979 τοῦ
1214 1919 1314 1996 μηδὲν
1337 1915 1422 1982 εἶναι

185 2030 268 2115 πρὸς
302 2031 383 2112 ἡμᾶς
419 2032 476 2095 τὸν
510 2028 649 2095 θάνατον
683 2029 890 2096 ἀπολαυστὸν
924 2040 1005 2096 ποιεῖ
1034 2032 1071 2096 τὸ
1094 2041 1150 2106 τῆς
1173 2032 1256 2108 Ζωῆς
1279 2035 1423 2113 θνητόν,

187 2147 244 2212 οὐκ
263 2147 393 2233 ἄπειρον
408 2153 611 2233 προςτιθεῒσα
628 2148 771 2234 χρόνον,
795 2147 882 2213 ἀλλὰ
898 2149 955 2213 τὸν
971 2157 1027 2223 τῆς
1043 2149 1220 2228 ἀθανασίας
1237 2149 1422 2236 ἀφελομένη
1489 2154 1493 2163 ’

186 2267 293 2331 πόθον
307 2262 343 2347 5).

230 2381 293 2446 Sed
323 2381 420 2446 etiam
448 2387 576 2466 praeter
608 2382 719 2445 mortis
750 2381 899 2445 timorem
928 2380 1031 2446 multa
1065 2387 1160 2465 sunt,
1196 2402 1277 2468 quae
1313 2383 1424 2448 vitam

185 2499 335 2576 miseram
358 2499 476 2563 faciant
502 2503 535 2562 et
560 2493 667 2561 omnia
693 2497 828 2561 eandem
855 2497 975 2562 habent
1002 2519 1152 2581 causam,
1188 2499 1423 2583 ignorantiam.

232 2615 279 2698 ,Ο
312 2616 444 2680 miseras
474 2614 639 2679 hominum
672 2621 818 2697 mentes,
854 2635 871 2678 ο
907 2621 1038 2700 pectora
1060 2616 1176 2680 caeca!
1210 2615 1364 2701 qualibus
1388 2617 1426 2683 in

187 2734 327 2799 tenebris
339 2734 424 2798 vitae
437 2733 627 2819 quantisque
638 2733 767 2818 periclis
783 2732 910 2816 degitur
925 2731 985 2797 hoc
1000 2733 1072 2797 aevi
1084 2732 1169 2819 quod
1181 2734 1377 2820 cumquest”
1389 2728 1436 2820 ⁰).'

233 2852 446 2938 „Plerumque
477 2850 623 2916 videmus
653 2849 729 2936 quid
753 2850 813 2913 sibi
837 2850 970 2937 quisque
993 2850 1073 2914 velit
1095 2850 1237 2933 nescire,
1260 2856 1294 2914 et
1316 2873 1425 2938 quae·

186 2990 257 3033 rere
289 2989 415 3055 semper
447 2975 643 3033 commutare
674 2968 801 3050 locum,
835 2969 925 3054 quasi
957 2948 1037 3032 onus
1060 2968 1219 3054 deponere
1242 2969 1370 3054 possit’'
1390 2974 1422 3056 ⁷).

187 3087 230 3151 Et
253 3108 381 3151 causam
404 3092 548 3150 emtam
570 3085 678 3149 miseri
701 3077 786 3167 sint,
813 3106 869 3148 cur
894 3091 1003 3167 „tanta
1025 3086 1102 3149 mali
1125 3092 1287 3172 tamquam
1310 3089 1424 3154 moles

186 3205 220 3267 in
255 3210 384 3289 pectore
418 3203 573 3285 constet”‚
603 3203 753 3286 ignorant
781 3222 886 3288 neque
918 3223 1048 3267 noscere
1071 3203 1209 3267 student.
1253 3204 1294 3267 In
1316 3205 1423 3273 rebus

186 3323 334 3386 inanibus
364 3322 462 3386 animi
495 3327 652 3407 quaerunt
673 3342 807 3407 paoem,
843 3321 964 3403 „morbi
986 3322 1062 3408 quia
1084 3343 1211 3386 causam
1234 3342 1299 3385 non
1323 3328 1423 3390 tenet

186 3461 304 3526 aeger;
328 3462 423 3527 quam
445 3440 527 3504 bene
550 3439 577 3502 si
599 3439 727 3521 videat,
762 3439 825 3502 iam
847 3439 942 3502 rebus
965 3439 1099 3525 quisque
1122 3440 1240 3503 relictis
1262 3445 1423 3508 naturam

186 3560 325 3646 primum
355 3558 481 3623 studeat
515 3578 706 3642 cognoscere
737 3578 861 3640 rerum,
896 3557 1049 3643 temporis
1082 3557 1205 3627 aeterni
1239 3558 1422 3645 quoniam,

187 3698 250 3741 non
273 3677 368 3741 unius
390 3666 508 3760 horae,
543 3676 716 3760 ambigitur
739 3681 857 3758 status,
891 3676 925 3739 in
948 3696 1010 3761 quo
1034 3676 1075 3739 sit
1097 3675 1287 3740 mortalibus
1310 3680 1423 3744 omnis

189 3904 382 3914 --....-

221 4076 240 4134 ¹5
276 4073 569 4133 stob.F10r.120‚2c.

220 4170 238 4228 ²)
272 4171 336 4234 III,
356 4172 418 4219 1024
435 4184 502 4234 seqq.

220 4265 238 4324 ²)
272 4263 347 4314 Hom.
365 4264 397 4314 Il.
416 4270 450 4325 Φ,
471 4264 524 4317 107.

219 4360 239 4423 ⁴)
273 4359 334 4421 ΙΙΙ,
354 4362 414 4409 1081
432 4374 500 4424 seqq.

219 4455 238 4517 5)
275 4453 307 4502 D.
324 4454 354 4503 L.
373 4453 423 4514 X.‚
443 4457 496 4502 124.

219 4550 241 4609 ⁶)
275 4548 320 4610 ΙΙ,
340 4552 368 4598 14
385 4563 453 4614 seqq.

218 4643 238 4704 Ι)
271 4642 329 4704 ΙΙΙ,
349 4645 409 4694 1067
427 4658 494 4707 seqq.
