3196 5160
770 303 813 365 44

180 522 255 564 nam
288 521 306 564 0
340 523 398 566 000
431 524 576 589 quaeque
608 503 728 567 semine
759 523 811 566 res
844 523 929 566 nuno
952 502 1094 566 nascitur
1118 507 1151 566 et
1174 523 1267 566 suum
1290 500 1351 565 sibi
1366 523 1413 565 as·

181 618 277 681 sumit
307 618 412 683 cibum
434 619 494 683 hoc
516 620 550 683 in
572 620 712 703 mundo,
744 625 912 706 postquam
942 619 1041 682 semel
1065 618 1196 683 fortuito
1229 624 1318 682 ortus
1346 623 1412 682 est:

181 755 262 820 quae
295 757 359 799 nou
389 736 483 800 utiles
514 743 588 801 sunt
610 737 708 800 atomi
730 737 764 799 in
788 743 907 800 terram
929 735 1123 817 reiciuntur‚
1159 757 1256 821 quam
1279 735 1321 799 ob
1344 756 1413 799 rem

181 857 329 936 portenta
359 852 432 916 oriri
466 875 531 917 non
565 853 664 918 vides.
712 853 745 918 Si
769 853 866 917 atomi
890 852 1064 935 differunt,
1089 874 1200 916 earum
1222 852 1413 936 1010110110,
1451 931 1454 936 ¹

184 989 370 1052 connexus,
405 971 566 1055 pondera,
590 976 695 1034 motus
718 991 844 1057 quoque
868 970 1035 1052 differunt,
1059 969 1168 1055 itaque
1192 991 1339 1056 quaeque
1361 991 1414 1034 res

184 1107 276 1150 suum
299 1107 400 1171 genus
423 1107 549 1160 servare
572 1092 687 1172 potest.
733 1087 903 1151 Lucretius
927 1085 1012 1150 enim
1035 1084 1255 1149 tantummodo
1272 1084 1415 1170 loquitur

185 1203 224 1268 de
247 1203 307 1268 hoc
330 1211 507 1269 atomorum
530 1204 659 1288 ordine,
683 1204 737 1291 qui
760 1226 835 1268 casu
858 1204 995 1290 quodam
1019 1204 1118 1267 semel
1133 1203 1179 1267 ita
1195 1210 1300 1286 ortus,
1317 1203 1415 1278 stabi-

183 1322 308 1387 litatem
341 1323 500 1409 quandam
534 1321 641 1387 habet.
686 1323 774 1386 Num
807 1322 841 1385 in
873 1322 1031 1387 anteriore
1054 1322 1108 1385 101
1130 1321 1306 1406 0001011010
1331 1320 1414 1385 01100

183 1439 294 1503 mundi
332 1441 491 1504 creatione
525 1440 589 1504 alia
611 1439 731 1526 possint
761 1438 836 1503 oriri
862 1439 1013 1503 animalia
1042 1444 1090 1502 est
1117 1439 1278 1524 quaestio,
1317 1433 1415 1525 quam

183 1553 236 1618 1110
270 1576 334 1618 000
368 1561 493 1620 1100101.
538 1556 566 1620 Ε
601 1555 744 1619 doctrina
779 1560 887 1618 autom
921 1554 1065 1640 sequitur
1095 1553 1156 1618 hoc
1186 1575 1220 1618 re
1243 1575 1321 1618 vera
1343 1553 1415 1618 fieri

185 1693 299 1757 posse,
323 1673 407 1759 quod
431 1672 529 1738 Stoici
551 1672 697 1736 nonnulli
719 1672 890 1755 negabant.

228 1788 320 1854 Haec
350 1790 477 1872 omnia,
512 1789 572 1853 etsi
595 1789 756 1874 paucitate
778 1788 986 1875 reliquiarum
1008 1810 1073 1853 000
1096 1789 1223 1872 singula
1245 1808 1414 1873 possumus

186 1905 329 1971 conferre
363 1928 436 1971 cum
458 1906 591 1992 Epicuri
613 1906 760 1991 placitis,
795 1912 903 1970 tamen
925 1906 971 1969 ita
994 1926 1067 1969 cum
1090 1910 1156 1969 tota
1179 1906 1247 1969 eius
1270 1905 1415 1968 doctrina

187 2023 358 2089 cohaerent
392 2031 424 2089 et
457 2045 501 2088 ex
523 2024 591 2088 0100
614 2023 777 2110 principiis
801 2028 977 2109 sequuntur
999 2029 1035 2087 ut
1058 2024 1168 2109 procul
1192 2022 1287 2086 dubio
1311 2023 1351 2087 ab
1376 2043 1414 2087 eo

187 2141 250 2206 sint
284 2142 431 2227 exposita
464 2163 528 2205 uon
561 2141 667 2205 minus
696 2163 792 2227 quam
814 2162 895 2227 quae
918 2141 952 2204 in
975 2140 1183 2227 sequentibus
1205 2139 1351 2205 versibus
1375 2139 1414 2204 de

187 2258 292 2322 colore
315 2263 492 2322 atomorum
514 2257 621 2321 refert.
666 2256 802 2320 Atomos
824 2257 910 2320 enim
933 2255 1025 2320 docet
1042 2256 1127 2320 omni
1150 2257 1256 2320 colore
1281 2255 1415 2320 destitu-

187 2380 236 2439 tas
252 2378 298 2459 ¹):
332 2372 417 2462 quod
451 2375 477 2439 si
510 2375 568 2439 tibi
600 2375 730 2443 videtur
762 2375 796 2438 in
826 2373 1008 2439 huiusmodi
1031 2395 1164 2459 corpora
1185 2374 1293 2437 nullus
1316 2373 1416 2438 animi

185 2640 242 2687 pars
258 2629 296 2674 ast
311 2625 458 2676 consimilis:
476 2642 564 2676 varum
579 2625 691 2689 positura
706 2624 866 2689 discrepitant
882 2625 945 2674 ros.”
969 2650 1000 2661 —
1019 2624 1051 2674 In
1068 2623 1149 2688 011010
1167 2623 1221 2674 1000
1232 2627 1315 2672 001001
1325 2639 1416 2674 nume-

186 2737 242 2769 rum
258 2725 369 2784 spectat,
387 2720 413 2769 in
430 2721 508 2772 altero
524 2721 642 2772 ordinem.
674 2719 814 2785 Imaginem
830 2721 935 2770 fortasse
950 2736 981 2770 01
999 2719 1108 2782 Epicuro
1120 2723 1246 2782 sumptam
1257 2734 1318 2779 esse,
1330 2718 1418 2770 videre

186 2813 245 2864 licat
269 2830 300 2864 01
321 2815 462 2866 Aristotelis
481 2816 511 2865 dc
528 2815 589 2866 Gen.
607 2820 632 2865 01
650 2815 761 2879 (10111101
779 2831 836 2879 pag.
855 2818 918 2876 315,
937 2818 951 2864 2
970 2814 1101 2875 (Bekker):
1137 2814 1312 2878 ,,Δημόκριτος
1329 2813 1356 2864 δὲ
1374 2817 1417 2864 καί

188 2909 333 2969 Λεύκιππος
353 2912 509 2971 ποιήσαντες
520 2913 552 2961 τὰ
564 2912 696 2976 σχήματα,
710 2912 760 2970 τὴν
772 2912 912 2962 ἀλλοίωσιν
924 2912 965 2961 καί
980 2911 1028 2971 τὴν
1039 2910 1138 2976 γένεσιν
1149 2910 1175 2960 dr
1188 2909 1288 2960 τοίιτων
1298 2913 1416 2973 ποιοῦσι,

185 3003 305 3065 διακρίσει
331 3008 378 3070 μὲν
402 3008 446 3056 καί
472 3009 600 3072 συγκρίσει
627 3006 726 3070 γίνεσιν
752 3007 794 3056 καί
810 3008 925 3071 φὲορὰν.
960 3007 1028 3061 τάξει
1055 3003 1079 3054 δὲ
1107 3007 1149 3054 καί
1174 3004 1239 3055 bissa
1266 3006 1417 3056 ἀλλοίωσιν.

185 3103 241 3151 ίπεί
263 3101 284 3151 δ’
311 3099 393 3166 ᾤοντο
419 3102 532 3161 τάληθὲς
556 3102 584 3152 ἐν
601 3103 637 3165 τῷ
653 3102 805 3166 φαίνεσθαι,
824 3100 930 3151 ἐναντία
948 3100 973 3150 δὲ
989 3101 1033 3151 καί
1048 3102 1143 3164 ἄπειρα
1160 3102 1192 3150 τὰ
1208 3103 1364 3165 φαινόμενα.
1383 3103 1417 3150 τὰ

188 3199 308 3262 σχῆματα
326 3199 418 3261 ἄπειρα
435 3194 574 3257 ἐποίησαν,
593 3197 657 3247 ίίστε
674 3200 730 3253 ταῖς
748 3195 906 3258 μεταβολαῖς
924 3199 969 3247 τοῦ
988 3195 1148 3261 συγκειμένου
1166 3201 1195 3248 τὸ
1213 3197 1277 3245 αὐτὸ
1294 3196 1419 3248 ἐναντίον

187 3293 268 3343 δοκεῖν
293 3294 367 3356 ἄλλῳ
393 3293 434 3341 καί
459 3293 546 3358 ἄλλῳ,
572 3294 613 3344 καί
635 3293 823 3354 μετοκινεῖοΰαι
849 3293 937 3354 μικροῦ
963 3291 1157 3356 ἕμμιγνυμένου,
1184 3294 1227 3340 καί
1244 3293 1310 3348 ὅλως
1327 3289 1418 3354 ἕτερον

187 3389 321 3453 φαίνεσθαι
338 3386 394 3445 ἑνὸς
417 3388 639 3450 μετακινηθίντος.
664 3388 695 3436 ἐκ
720 3391 781 3436 τῶν
806 3387 906 3436 οίιτιῖιν
930 3388 988 3452 γὰρ
1008 3383 1171 3451 τραγῳδία
1188 3388 1240 3435 καί
1256 3385 1416 3451 κωμῳδία.

186 3486 312 3549 γίνεται
341 3484 543 3548 γραμμάτων.
578 3482 671 3531 Locum
707 3485 788 3531 totum
815 3480 1027 3544 transscripsimus
1055 3479 1114 3546 quia
1140 3480 1232 3544 optime
1258 3479 1364 3542 Epicuri
1391 3486 1419 3532 01

186 3577 297 3628 10010111
314 3577 455 3642 opinionem
472 3577 598 3640 exprimit.
802 3565 804 3569 ¹

220 3673 238 3733 ¹)
272 3673 315 3724 Vs.
334 3675 389 3725 817.
405 3673 439 3722 Ι).
457 3674 486 3722 L.
504 3673 546 3733 X,
564 3677 612 3722 44:
631 3678 661 3726 τδ
681 3673 705 3724 δὲ
726 3679 814 3738 χρῶμα
835 3675 906 3737 παρὰ
918 3673 967 3733 τὴν
977 3673 1050 3722 θέσιν
1062 3677 1114 3722 τῶν
1125 3673 1226 3735 ἀτόμων
1235 3672 1419 3723 ἀλλάττεσθαι

186 3769 214 3819 ἐν
236 3773 294 3828 ταῖς
312 3768 406 3819 δώδεκα
430 3771 602 3833 στοιχειώσεσί
621 3779 704 3834 φησιν.
739 3769 772 3818 In
792 3767 882 3817 ultima
898 3767 974 3817 huius
990 3765 1139 3830 paragraphi
1154 3771 1224 3829 00110
1240 3765 1312 3828 01010
1328 3765 1420 3817 insunt

186 3862 267 3914 vitia:
293 3865 385 3928 legitur
409 3862 488 3913 enim:
508 3863 574 3923 αίίτη
596 3863 647 3923 δί)
671 3867 743 3928 φωνὴ
761 3864 860 3913 τούτων
882 3865 990 3913 πάντων
1013 3861 1238 3926 μνημονευομένων
1266 3862 1313 3911 τὸν
1325 3861 1419 3912 ίκανδν

188 3959 272 4011 τύπον
296 3959 441 4023 ὑποβάλλει
468 3963 515 4020 τῆς
540 3965 592 4009 τιῖιν
614 3959 698 4009 ὄντων
717 3958 813 4024 φύσεως
833 3959 965 4016 ἐπινοίας,
989 3972 1052 4021 quae
1068 3955 1144 4005 verba
1160 3972 1260 4005 sensum
1276 3970 1418 4018 0000100-

186 4054 253 4104 bant.
288 4055 391 4119 Epicuri
407 4059 446 4104 001
461 4053 572 4104 doctrina
588 4055 663 4103 verba
680 4053 752 4118 sigua
768 4069 821 4103 esse
838 4053 869 4102 ad
880 4051 993 4101 notiones
1006 4050 1191 4115 exprimendas,
1204 4065 1267 4118 quae
1277 4057 1420 4101 nascuntur

186 4149 275 4200 iterato
291 4166 373 4199 rerum
389 4151 521 4214 adspectu,
541 4151 572 4199 D.
591 4150 620 4199 L.
640 4153 669 4198 33
687 4149 738 4200 οὐδ’
765 4150 799 4199 ἂν
821 4147 986 4213 ὠνομάσαμέν
1006 4167 1030 4198 τι
1052 4149 1087 4210 μὴ
1108 4149 1236 4211 πρότερον
1255 4148 1335 4195 αὐτοῦ
1348 4151 1418 4198 κατὰ

187 4245 319 4309 epotato»
342 4250 388 4298 τὸν
403 4246 488 4297 τίιπον
508 4247 647 4307 μαθόντες,
660 4250 685 4292 01
701 4248 790 4292 0010οε
810 4246 861 4305 ίίμα
875 4247 922 4308 γὰρ
937 4246 975 4308 τῷ
986 4241 1098 4307 ῥηθῆναι
1110 4244 1249 4304 ἄνθρωπος
1261 4242 1338 4300 εὐθὺς
1349 4246 1418 4292 κατὰ

188 4339 322 4406 πρόληψιν
348 4342 390 4390 καί
419 4342 432 4391 ὁ
453 4343 534 4399 τὺτος
562 4342 642 4390 αὐτοῦ
664 4345 761 4390 νοεῖται
777 4341 976 4404 προηγουμένων
997 4345 1048 4389 τῶν
1069 4339 1220 4396 αἰσθήσεων.
1243 4338 1278 4385 At
1292 4338 1418 4400 quomodo

187 4445 242 4488 tum
287 4453 336 4486 vox
375 4442 471 4484 atomus
506 4435 555 4485 dici
579 4439 676 4498 potest,
710 4451 767 4484 cum
799 4440 893 4483 atomos
919 4449 1047 4498 nunquam
1078 4431 1191 4482 sensibus
1230 4430 1419 4495 percipiamus?

187 4533 275 4582 Plures
291 4529 490 4580 ratiocinationes
505 4531 625 4595 pluraque
643 4537 788 4594 argumenta
804 4545 848 4579 nos
866 4530 1022 4578 adduxerunt
1034 4533 1062 4577 ut
1078 4528 1232 4576 crederemus
1249 4534 1345 4576 atomos
1361 4542 1417 4577 ease

187 4627 275 4694 utique
285 4642 369 4676 earum
380 4624 541 4688 proprietates
552 4640 768 4688 cognosceremus3
786 4630 844 4675 sunt
854 4624 932 4690 igitur
943 4623 996 4674 0100
1007 4623 1118 4690 generis,
1131 4624 1197 4689 quod
1208 4623 1259 4688 162
1271 4620 1345 4672 dicit:
1358 4623 1416 4676 κατ’
1455 4617 1457 4620 ’
