3196 5160
820 265 878 326 111

244 486 350 545 υοιαυ,
384 488 479 553 quam
502 467 617 530 Latine
639 467 715 530 licet
736 467 970 553 providentiam
994 467 1122 549 dicere,
1146 489 1250 553 neque
1274 490 1464 535 11101111-

244 575 314 646 dum
336 585 462 669 ipsum,
487 586 591 647 animo
614 592 643 647 et
665 586 805 648 sensibus
823 586 1041 677 praeditum,
1061 587 1256 669 rotundum,
1280 588 1463 673 ardentem,

241 696 410 764 volubilem
444 701 552 782 deora,
587 706 736 786 portenta
760 708 792 764 et
815 702 969 765 miracula
992 723 1056 765 non
1080 702 1304 766 disserentium
1326 704 1465 790 philoso-

234 809 394 901 phorum,
429 818 485 881 sed
518 819 753 883 somniantium.
807 820 931 893 Quibus
965 820 1052 883 enim
1082 821 1179 883 011111
1212 822 1312 884 ocimi
1345 823 1464 887 intueri

221 934 341 1013 potua
372 942 479 999 vester
512 936 606 1000 Plato
639 937 793 1000 fabricam
815 937 904 1000 illam
927 937 1009 1001 tanti
1034 938 1159 1023 operis,
1195 960 1258 1023 qua
1281 942 1422 1003 construi
1444 964 1464 1005 a

212 1045 294 1109 deo
318 1058 414 1139 atquc
437 1054 597 1117 aedificari
623 1055 776 1118 mundum
799 1055 919 1120 facitu
936 1059 965 1136 ¹).
1012 1055 1268 1120 Consentaneum
1293 1063 1340 1121 est
1363 1058 1463 1142 igitur

186 1166 423 1235 Lucretium
456 1172 489 1234 in
530 1172 675 1235 Platonis
721 1172 865 1236 doctrina
908 1172 1085 1236 refellenda
1124 1194 1249 1259 quoque
1287 1174 1463 1259 Epicurum

175 1289 455 1352 tantummodo
479 1289 694 1375 interpretari.

279 1399 339 1473 His
369 1408 525 1493 expositis
547 1408 587 1471 ad
609 1407 712 1493 quinti
735 1407 809 1470 libri
832 1407 960 1470 initium
984 1407 1162 1471 redeamus.
1208 1408 1310 1472 Poeta
1334 1409 1467 1474 demone

143 1529 390 1589 straturus
424 1531 472 1590 est
504 1525 659 1596 mundum
694 1531 797 1588 toturn
834 1525 1002 1588 mortalem
1038 1546 1107 1588 esse
1145 1547 1249 1611 neque
1284 1533 1461 1591 aeternum.

139 1640 418 1729 „Principio
452 1644 602 1729 quoniam
621 1643 718 1706 terrai
742 1665 856 1727 corpus
880 1649 912 1706 et
934 1665 1026 1706 umor
1048 1665 1261 1730 aurarumque
1285 1645 1372 1708 leves
1395 1647 1462 1709 ani·

124 1773 296 1822 mae
338 1761 496 1847 calidique
530 1782 685 1846 vapores,
721 1782 738 1824 e
773 1762 888 1846 quibus
910 1761 990 1825 haec
1012 1782 1119 1825 rerum
1143 1763 1314 1826 consistere
1338 1785 1462 1828 summa

120 1867 378 1961 videtur,
402 1880 509 1942 omnia
530 1879 639 1942 nativo
663 1900 700 1942 ac
722 1879 850 1941 mortali
874 1899 1004 1963 corpore
1028 1886 1194 1962 constant,
1231 1879 1326 1943 debet
1349 1881 1460 1944 codem

116 1997 334 2060 omnis
364 1996 475 2059 mundi
505 2003 619 2060 natura
641 1996 769 2080 putari’'
784 1997 819 2078 ²).
866 1996 1083 2081 Quaecunque
1106 2003 1214 2060 autem
1237 1998 1346 2061 nativa
1369 2006 1460 2081 sunt,

113 2111 379 2178 mortalia
408 2115 506 2178 etiarn
540 2135 608 2178 esse
639 2114 757 2178 debent
774 2111 809 2197 ³).
857 2114 914 2178 Vs.
950 2117 1100 2178 247—60
1124 2115 1320 2180 demonstrat
1342 2124 1461 2181 terram

111 2227 275 2288 ‘³⁸82
330 2233 516 2315 mortalem,
548 2231 664 2295 deinde
694 2253 741 2295 vs.
773 2234 923 2295 261—72
954 2253 1070 2318 aquam
1096 2254 1161 2295 non
1183 2240 1347 2297 aeternam
1370 2255 1461 2317 esse3

107 2343 189 2395 ‘⁷³-
281 2351 453 2414 273—81
480 2370 588 2413 aerem
611 2370 738 2433 semper
759 2350 894 2432 mutari,
918 2370 994 2433 crgo
1017 2351 1184 2413 mortalem
1208 2371 1298 2435 esse,
1323 2351 1460 2438 denique

102 2459 185 2512 13·
253 2467 750 2532 281-30511111111111111
766 2489 829 2529 non
845 2488 937 2551 posse
954 2467 1085 2530 evitare.
1132 2468 1251 2532 Omnes
1268 2469 1364 2533 etiam
1379 2492 1461 2557 quae

97 2557 419 2650 durissimae
455 2592 529 2648 sunt
563 2591 596 2648 et
630 2585 697 2648 fere
720 2591 875 2670 perpetuo
912 2585 1026 2648 durare
1048 2585 1200 2649 ridentur
1222 2607 1273 2650 res
1296 2593 1461 2672 terrenae,

91 2687 362 2766 11ῑῗῖέὶ1111
395 2702 560 2767 videmus:
596 2725 652 2766 cur
682 2724 758 2787 ergo
788 2709 873 2766 terra
894 2704 1065 2766 maneret?
1110 2703 1257 2788 Denique
1282 2705 1308 2766 si
1331 2704 1459 2789 aether,

88 2813 315 2884 quod
348 2821 477 2907 quidam
510 2828 706 2904 memorant,
741 2828 887 2907 procreat
923 2842 964 2884 ex
1003 2842 1036 2884 se
1071 2822 1178 2885 omnia
1199 2822 1375 2907 recipitque
1388 2844 1459 2909 per·

86 2928 359 3021 empta,
394 2940 491 3003 etiarn
524 2940 666 3004 mortalis
696 2945 744 3003 est
759 2940 795 3023 4).
841 2939 964 3003 Eodem
1004 2945 1096 3003 modo
1127 2940 1303 3025 Epicurum
1332 2941 1458 3005 ratioci-

84 3044 433 3121 na’‘¹311messe
457 3057 566 3121 videre
590 3059 666 3122 licet
690 3079 707 3121 1
730 3058 771 3121 D.
795 3058 832 3121 L.
857 3057 899 3120 X.
926 3059 986 3119 74:
1019 3054 1119 3131 δῆλον
1143 3063 1202 3122 οὖν
1227 3059 1270 3132 ὡς
1293 3063 1341 3123 καὶ
1359 3063 1460 3144 φθαρ-

82 3159 218 3218 τοῦ
232 3199 307 3246 9
329 3191 403 3262 φησι
425 3180 501 3251 τοὺς
516 3177 678 3259 κόσμους,
700 3173 973 3260 μεταβαλλόντων
988 3178 1052 3239 τῶν
1066 3179 1170 3258 μερῶν
1182 3173 1215 3257 ⁵).
1260 3173 1334 3238 Hae
1351 3181 1457 3261 partes

85 3325 429 3368 ’‘N—-

144 3437 191 3500 ¹)
316 3468 366 3518 (111.
383 3469 413 3517 de
429 3473 480 3517 nat.
498 3469 563 3517 deor.
583 3467 612 3527 Ι,
632 3470 688 3517 818.

142 3530 202 3598 ²)
317 3563 359 3613 vs.
378 3566 425 3612 aaa
442 3579 509 3627 seqq.

142 3623 202 3691 3)
316 3658 406 3709 Itidem
420 3658 559 3722 Epicurus:
578 3658 645 3708 Plut.
657 3659 720 3722 plac.
734 3658 778 3719 ΙΙ,
796 3663 827 3718 4,
845 3657 892 3718 „El
913 3659 1044 3723 ἄφθαρτος
1063 3659 1193 3721 detorto&
1209 3655 1287 3706 dicit:
1306 3659 1457 3722 Ἐπίκουρος

86 3713 214 3778 φῦα·
226 3762 289 3802 β
300 3757 356 3811 τόν,
375 3756 416 3806 ὅτι
431 3758 474 3805 cal
491 3757 613 3820 γενητὸν,
632 3757 665 3813 ὡς
683 3757 764 3818 ζῷον,
782 3756 816 3812 ὡς
832 3756 920 3819 φυτόν.
939 3816 941 3820 Ι

154 3815 224 3886 ²)
315 3849 358 3899 vs.
377 3853 513 3899 sos-aaa.

155 3908 229 3982 ὅ)
316 3945 398 3996 (lodex
414 3944 558 3994 Leidensis:
576 3944 674 4004 ἄδηλον
691 3945 737 3994 οὖν
753 3946 786 4002 ὡς
799 3945 840 3994 καὶ
852 3943 1000 4008 ἀφθάρτους
1012 3944 1071 4009 φησὶ
1083 3945 1142 4000 τοὺς
1154 3945 1262 4005 κόσμους
1273 3942 1454 4007 μεταβαλλόν-

92 4011 232 4059 “⁴³¹³
297 4045 346 4091 τῶν
363 4041 478 4104 ἡμερῶν.
496 4039 609 4100 ἁδηλον,
627 4041 790 4103 ἀφθάρτους,
808 4038 906 4103 ἡμερῶν
926 4039 1045 4086 mutanda
1062 4053 1114 4086 esse
1131 4035 1235 4101 quisque
1252 4036 1324 4086 facilc
1341 4036 1452 4087 videbit:

93 4101 237 4229 nlon
299 4140 381 4185 tamen
397 4135 470 4186 video
487 4152 531 4184 cur
546 4135 621 4185 etiam
637 4134 696 4194 φησὶ
714 4134 878 4184 omittendum
895 4132 928 4183 sit
945 4138 970 4182 et
987 4134 1097 4197 φθαρτοὶ
1114 4135 1200 4194 κόσμοι
1217 4132 1363 4195 legendum,
1389 4134 1455 4197 quod

90 4193 118 4318 ξ
152 4202 328 4278 Qim
349 4228 453 4279 faciunt.
488 4230 584 4279 Deinde
600 4229 627 4278 in
644 4229 726 4279 codice
743 4235 881 4293 sequuntur
897 4228 971 4276 haec:
999 4229 1040 4276 καὶ
1057 4227 1084 4275 ἐν
1101 4227 1193 4284 ἄλλοις
1211 4231 1259 4286 τῆν
1276 4230 1325 4290 γῆν
1343 4230 1380 4291 τῷ
1399 4229 1455 4290 ἀέρι

176 4312 383 4386 ”kustau
417 4324 483 4375 Satis
499 4325 636 4374 dilucidum
651 4324 714 4374 mihi
731 4324 829 4375 videtur
845 4324 906 4374 haec
923 4321 1005 4372 omnia
1022 4337 1037 4369 c
1054 4320 1166 4384 Diogene
1182 4336 1213 4369 ex
1225 4320 1281 4370 aliis
1292 4320 1379 4382 libris,
1401 4321 1454 4372 sive

87 4461 113 4515 φ
138 4390 274 4457 ⁸¹²2
302 4420 417 4485 φύσεως,
434 4422 485 4470 sive
502 4436 515 4469 e
532 4437 622 4485 magna
638 4420 760 4485 epitome,
782 4418 905 4481 adscripta
922 4433 974 4466 esse
991 4421 1016 4465 ot
1032 4416 1063 4464 ad
1081 4417 1107 4465 ἐν
1119 4404 1211 4474 ἄλλοις
1223 4416 1389 4479 supplendum
1402 4431 1455 4465 esse

83 4477 295 4600 διῄρε.
328 4514 379 4572 Qui
398 4513 445 4564 hoc
461 4531 512 4565 non
528 4516 633 4579 probant
649 4517 691 4566 sed
707 4516 767 4565 haec
784 4514 860 4564 verba
876 4511 984 4576 Epicuro
1000 4509 1049 4574 ipsi
1065 4508 1196 4572 tribuunt,
1222 4526 1272 4560 non
1289 4517 1393 4574 possunt
1410 4526 1454 4573 po·

142 4573 342 4660 1·th
360 4611 431 4660 illem
447 4613 595 4662 sententiam
612 4599 668 4662 cum
685 4610 771 4661 ceteris
793 4609 829 4658 ito
854 4607 1019 4671 coniungere,
1048 4611 1077 4656 ut
1093 4623 1172 4656 nexus
1189 4606 1222 4656 sit
1234 4608 1393 4671 perspicuus,
1412 4607 1455 4655 scd
