3196 5160
770 304 812 367 54

182 532 310 599 quoque
333 530 443 575 eorum
466 506 564 573 animi
586 508 786 590 continente,
810 507 924 572 crescit
945 507 1070 571 animus
1092 505 1242 593 qurdam,
1276 504 1407 590 plantae

181 628 310 711 similis,
348 627 404 714 qui
427 626 562 709 deinde,
597 631 692 712 partu
713 624 817 708 facto,
854 625 937 689 aeris
970 624 1004 689 vi
1037 629 1180 688 mutatur
1202 620 1406 688 inanimalis

181 747 322 811 animum
342 751 373 822 ¹).

224 861 364 948 Utrique
387 859 539 945 Epicurei
562 863 594 922 et
617 856 717 922 Stoici
739 856 924 922 statuebant
947 856 1082 923 ἀπὸτοῦ
1099 858 1245 936 σώματος
1261 854 1405 922 ὅλουκαὶ

181 989 238 1055 πῆς
259 980 367 1064 ψυχῆς
390 979 536 1062 φέρεσθαι
558 976 596 1040 τὰ
621 977 779 1059 πέμματα
803 972 899 1053 (Plut.
927 972 1008 1058 plue.
1031 971 1073 1035 V.
1094 971 1184 1057 Epio.
1203 977 1220 1033 3
1238 970 1338 1035 Stoici
1356 971 1406 1052 11)

182 1116 244 1181 quo
258 1094 356 1159 Stoici
367 1092 540 1156 liberorum
552 1091 794 1155 similitudinem
807 1111 879 1154 cum
894 1089 1081 1176 parentibus
1096 1089 1301 1174 explicabant
1313 1087 1404 1173 (plac.

182 1211 223 1277 V.
251 1212 315 1294 11).
360 1209 459 1276 Stoici
492 1214 600 1274 autem
633 1209 794 1293 negabant
824 1207 945 1272 foetum
978 1207 1043 1271 iam
1077 1206 1195 1271 animal
1226 1226 1317 1288 esse,
1351 1204 1408 1269 sed

182 1329 288 1416 potius
311 1333 348 1391 ut
365 1328 507 1413 plantam
524 1314 721 1391 eum'vivere
736 1332 769 1390 et
784 1346 925 1391 crescere
941 1325 1102 1390 dicebant:
1119 1328 1149 1390 οἱ
1166 1329 1298 1391 Στωϊκοὶ
1313 1328 1408 1411 μέρος

183 1445 260 1511 εἶναι
294 1445 371 1510 αὐτὸ
394 1444 440 1524 (τὸ
463 1441 616 1529 ἔμβρυον)
639 1452 695 1519 τῆς
717 1445 879 1530 γαστρὸς,
913 1444 950 1509 οὐ
975 1442 1084 1530 ζῴον.
1119 1443 1222 1525 ὥσπερ
1246 1441 1308 1526 γὰρ
1331 1445 1407 1517 ποὺς

184 1564 324 1648 καρποὺς
356 1564 430 1646 μέρη
465 1564 529 1625 τῶν
562 1564 669 1645 φυτῶν
704 1561 800 1637 ὄντας
835 1563 1083 1643 πεπαινομένους
1117 1556 1288 1645 ἀποῤῥεῐν,
1324 1557 1407 1623 οὕτω

184 1683 231 1743 καὶ
262 1680 299 1743 τὸ
322 1675 474 1763 ἔμβρυον.
520 1676 657 1760 Foetus,
680 1676 809 1762 plantae
836 1698 900 1741 non
916 1676 1093 1759 dissimilia,
1122 1675 1235 1740 deinde
1257 1680 1352 1761 partu
1374 1675 1408 1739 in

183 1795 288 1858 lucem
315 1793 479 1880 proditus,
515 1814 621 1857 aerem
644 1794 799 1879 inspirare
822 1794 948 1880 coepit,
973 1815 1035 1880 quo
1059 1793 1187 1857 demum
1209 1793 1246 1856 fit
1267 1792 1408 1875 animal,

184 1917 326 1976 mutatur
356 1932 432 1996 ergo
464 1932 482 1975 e
505 1911 634 1996 plantae
656 1917 770 1975 natura
792 1912 825 1974 in
848 1911 993 1976 animalis
1016 1916 1172 1977 naturam.
1218 1911 1313 1975 Hanc
1337 1910 1409 1976 doc·

185 2029 301 2094 trinam
336 2028 375 2093 ab
409 2027 588 2114 Herophilo
622 2028 753 2113 Epicuri
786 2028 853 2092 fere
887 2029 1034 2114 aequali,
1069 2030 1124 2116 qui
1157 2034 1233 2093 tunc
1256 2028 1410 2114 temporis

185 2146 411 2211 celeberrimus
427 2150 496 2210 erat
510 2145 653 2210 medicus
668 2151 702 2209 et
717 2145 930 2228 anatomicus,
948 2146 1118 2231 sumpsisse
1133 2144 1283 2209 videntur
1298 2145 1408 2210 Stoici.

185 2264 293 2328 Huius
327 2263 509 2349 opinionem
539 2263 626 2329 Plac.
658 2263 699 2327 V.
734 2265 788 2346 15,
824 2262 1018 2328 Plutarchus
1048 2264 1092 2327 sic
1126 2263 1293 2349 exprimit:
1317 2261 1410 2348 Ἡρό-

187 2381 283 2467 φιλος
312 2384 433 2456 κίνησιν
464 2380 627 2446 ἀπολείπει
660 2383 794 2467 φυσικὴν
822 2390 891 2458 τοῖς
915 2379 1085 2467 ἐμβρύοις,
1119 2382 1157 2446 οὐ
1180 2385 1408 2463 πνευματικήν.

185 2508 242 2576 τῆς
273 2496 305 2565 δὲ
336 2502 486 2575 κινήσεως
520 2498 600 2563 αἴτια
631 2505 745 2584 νεῦρα.
777 2500 847 2563 τότε
870 2495 901 2564 δὲ
926 2498 992 2573 Ζώο
1016 2502 1162 2584 γίνεσθαι
1186 2500 1262 2563 ὅταν
1285 2526 1411 2585 προχυ-

185 2619 280 2682 θέντα
302 2613 480 2702 προσλάβῃ
502 2643 531 2680 τι
553 2622 609 2680 τοῦ
632 2615 734 2699 ἀέρος.
767 2614 950 2680 Secundum
973 2614 1032 2679 hos
1049 2615 1149 2700 igitur
1165 2615 1291 2679 animus
1305 2620 1409 2679 muta·

186 2733 273 2798 tione
308 2732 445 2818 quadam
475 2752 493 2796 e
522 2753 586 2796 non
609 2732 717 2795 sensili
740 2733 848 2796 oritur.
893 2733 1032 2796 Brevem
1054 2733 1199 2796 invenies
1221 2732 1303 2796 hanc
1326 2733 1409 2797 Stoi-

187 2871 297 2916 corum
331 2849 513 2935 opinionem
546 2848 581 2912 in
610 2848 696 2913 Plut.
729 2848 767 2913 de
798 2849 895 2914 Stoic.
918 2870 1053 2935 repugn.
1077 2851 1136 2913 41:
1170 2852 1206 2915 τὸ
1228 2848 1353 2937 βρέφος
1376 2854 1410 2916 ἐν

186 2971 225 3054 τι)
246 2969 360 3051 γαστρὶ
385 2967 474 3050 φύσει
497 2967 680 3051 τρέφεσθαι,
704 2964 838 3049 νομίζει,
862 2966 1000 3052 καθάπερ
1025 2969 1147 3052 pirou,
1169 2967 1246 3031 ὅταν
1262 2962 1293 3031 δὲ
1309 2970 1410 3052 τεχθῇ

186 3086 391 3172 ψυχούμενον
413 3082 476 3148 ὑπὸ
499 3089 556 3148 ποῦ
579 3084 672 3169 ἀέρος
695 3088 744 3148 καὶ
769 3087 984 3167 στομούμενον
1007 3085 1043 3149 τὸ
1060 3089 1179 3166 πνεῦμα
1194 3081 1410 3169 μεταβάλλειν

188 3204 236 3265 καὶ
259 3201 404 3284 ’γίνεσθαι
427 3197 522 3284 Ζῷον.

233 3314 352 3380 Contra
385 3315 470 3379 hunc
504 3320 630 3400 partum
665 3321 698 3379 et
730 3314 813 3379 hanc
846 3315 1094 3380 mutabilitatem
1122 3316 1220 3380 animi
1242 3317 1412 3381 Lucretius

188 3433 281 3498 affert
302 3433 456 3498 nonnulla
477 3439 683 3518 argumenta,
716 3455 796 3519 quae
820 3439 928 3499 tamen
950 3434 1043 3499 valde
1066 3435 1181 3498 vitiosa
1203 3435 1354 3518 leguntur
1376 3436 1412 3499 in

189 3551 278 3616 codd.
313 3572 359 3615 vs.
392 3553 451 3614 931
478 3570 563 3636 seqq.
608 3550 729 3615 Dicunt
762 3551 934 3616 aduersarii
964 3552 1106 3616 animum
1129 3558 1290 3638 tamquam
1306 3559 1413 3635 portu

189 3668 326 3755 quodam
349 3669 416 3732 sive
438 3667 647 3732 mutabilitate
668 3668 738 3732 fieri
760 3675 828 3732 tum
851 3691 923 3734 cum
940 3670 974 3733 in
988 3669 1118 3733 luminis
1130 3690 1199 3733 oras
1214 3669 1413 3754 protruditur

191 3787 280 3870 (ergo
302 3807 349 3851 vs.
374 3788 435 3850 933
458 3784 631 3869 legendum
654 3792 721 3869 est,
748 3807 842 3871 quom
857 3787 1012 3870 proditur
1027 3788 1140 3870 extro).
1171 3787 1232 3850 His
1248 3787 1326 3872 ipsis
1340 3808 1413 3851 ver-

189 3903 239 3967 bis
261 3907 357 3988 pocta
375 3902 477 3966 utitur
498 3907 534 3964 ut
558 3923 611 3966 eos
633 3902 767 3967 refellat.
813 3903 847 3967 Si
877 3903 916 3966 de
938 3909 1033 3989 partu
1056 3908 1105 3967 est
1127 3924 1250 3986 sermo,
1280 3924 1413 3969 necesse

191 4025 239 4084 est
272 4025 379 4105 partes
410 4019 494 4102 eius,
518 4019 602 4105 quod
636 4020 780 4104 paritur,
815 4019 878 4083 iam
913 4020 976 4083 sint
1010 4026 1221 4105 congregatae
1244 4026 1318 4084 ante
1340 3996 1413 4107 par-

190 4141 280 4199 tum:
304 4135 445 4222 alioquin
468 4136 544 4222 quid
566 4135 735 4220 parietur?
767 4136 965 4217 (Tenendum
989 4142 1036 4201 est
1059 4137 1186 4222 poetam
1210 4159 1299 4201 suam
1322 4140 1413 4225 sequi

191 4252 386 4335 doctrinam,
410 4274 491 4339 quae
514 4253 639 4336 omnia,
662 4253 804 4316 animum
826 4274 951 4339 quoque
967 4274 1009 4316 ex
1024 4254 1136 4317 atomis
1153 4255 1327 4339 composita
1342 4275 1413 4320 esse

189 4370 279 4454 vult).
337 4369 380 4433 Et
416 4370 492 4456 quid
523 4370 641 4435 mutari
674 4376 780 4456 potest
809 4371 872 4434 nisi
905 4376 1000 4436 antea
1033 4370 1106 4435 est?
1163 4371 1283 4436 Dicunt
1317 4378 1413 4458 partu

223 4634 243 4706 1)
279 4632 373 4700 Zellsr,
391 4631 443 4683 ΙΙΙ.
464 4632 518 4682 181.
