3196 5160
767 311 826 373 loo

181 513 269 578 Num
291 520 399 577 tamen
421 513 491 598 ipse
513 518 609 598 peeta
632 517 664 575 et
688 511 848 596 Epicurus
871 518 972 576 certas
995 517 1027 577 et
1051 512 1197 576 definitas
1219 511 1259 575 de
1275 509 1416 574 deorum

183 630 366 715 corporibus
399 629 572 694 habuerint
601 627 768 710 notiones,
804 628 994 692 dubitamus,
1038 628 1207 692 Lucretius
1230 627 1333 691 canit:
1363 631 1415 689 te-

183 746 255 808 nuis
279 747 350 829 (est)
374 752 488 810 natura
512 744 606 809 deum
629 743 787 829 longeque
810 751 933 808 remota
956 745 1101 809 sensibus
1122 744 1294 809 abnostris
1310 741 1416 806 animi

182 863 239 927 vix
261 868 369 927 mente
392 863 539 926 videtur”
556 864 591 944 ¹):
616 860 695 924 haec
718 868 874 925 naturane
898 883 939 925 ex
962 863 1074 925 atomis
1097 861 1138 924 sit
1159 860 1260 943 facta,
1281 879 1414 940 necne,

182 1001 247 1043 non
271 980 355 1044 dicit.
395 979 552 1064 Epicurus
575 978 699 1042 censuit
721 979 812 1064 λόγῳ
840 975 871 1044 δὲ
894 979 1017 1056 πάντας
1039 981 1172 1052 τούτους
1195 979 1280 1058 (τοὺς
1303 976 1415 1055 θεοὺς)

183 1101 362 1183 θεωρητοὺς
387 1095 436 1163 did
458 1099 516 1172 τὴν
540 1095 759 1180 λεπτομέρειαν
782 1105 837 1171 τῆς
860 1100 924 1159 τῶν
948 1093 1088 1160 εἰδώλων
1113 1097 1236 1181 φύσεως
1250 1091 1283 1175 ¹).
1327 1091 1416 1156 Suae

183 1211 304 1276 habent
338 1213 429 1276 sedes
456 1213 561 1295 dei3),
596 1233 677 1298 quae
701 1217 810 1275 tamen
836 1211 970 1293 „nostris
995 1211 1123 1275 sedibus
1147 1231 1216 1274 esse
1239 1209 1416 1273 dissimiles

185 1329 324 1394 debent''
348 1336 478 1415 propter
502 1329 681 1392 divinorum
705 1350 872 1414 corporum
896 1329 1086 1391 tenuitatem
1099 1327 1145 1407 4):
1183 1327 1342 1412 Epicurus
1356 1347 1416 1390 eas

185 1446 275 1510 sedes
308 1447 414 1532 posuit
441 1447 476 1510 in
497 1446 721 1510 intermundiis
737 1447 782 1528 ⁵),
807 1467 888 1531 quae
911 1452 1019 1509 tamen
1041 1468 1060 1509 a
1083 1445 1233 1509 Lucretio
1255 1465 1320 1507 non
1342 1465 1416 1507 me-

183 1569 357 1628 morantur.
403 1563 540 1628 Omnino
565 1571 660 1649 poeta
682 1585 784 1648 pauca
808 1562 890 1625 dixit
914 1562 952 1626 de
977 1562 1056 1645 diis,
1079 1562 1140 1626 nisi
1156 1563 1212 1626 ubi
1234 1560 1416 1625 adversarii

183 1681 349 1768 refellendi
373 1687 484 1744 erant:
512 1680 593 1744 duae
616 1687 741 1745 tantum
765 1686 839 1743 sunt
861 1680 1046 1766 qualitates,
1070 1700 1151 1765 quae
1181 1701 1253 1743 cum
1277 1679 1416 1741 notione

183 1798 322 1862 deorum
337 1819 463 1884 semper
485 1799 574 1882 iungi
598 1798 735 1862 debent:
774 1797 996 1867 immortalitas
1019 1803 1051 1861 et
1073 1797 1248 1862 beatitudo.
1294 1797 1417 1882 Impri-

182 1917 242 1981 mis
273 1921 380 1981 autem
403 1917 579 1981 cavendum
603 1924 715 1982 estne
738 1917 815 2004 quid
839 1917 898 1980 diis
922 1917 1120 1999 tribuamus,
1151 1916 1235 2003 quod
1258 1915 1298 1979 ab
1321 1914 1418 1979 hisce

182 2035 364 2100 notionibus
400 2035 540 2099 alienum
573 2037 634 2100 sit:
669 2040 725 2102 τὸν
761 2037 837 2101 θεὸν
871 2036 957 2122 ζῴον
991 2034 1159 2121 ἄφθαρτον
1183 2041 1232 2100 καὶ
1255 2035 1419 2120 μακάριον

185 2152 324 2235 νομίζων
440 2157 540 2235 μηθὲν
561 2156 636 2235 μήτε
658 2162 713 2228 τῆς
737 2154 918 2237 ἀφθαρσίας
942 2151 1117 2238 ἀλλότριον
1140 2155 1214 2229 μήτε
1236 2162 1292 2228 τῆς
1315 2145 1420 2233 μακα-

184 2271 329 2354 ριότητος
375 2268 531 2335 ἂνοῖκειον
564 2270 649 2356 αὐτῷ
681 2270 864 2354 πρόσαπτε,
899 2273 963 2335 πᾶν
998 2267 1029 2334 δὲ
1051 2269 1088 2333 τὸ
1120 2268 1287 2354 φυλάττειν
1312 2267 1421 2333 αὐτοῦ

185 2383 362 2468 δυνάμενον
396 2389 453 2462 τὴν
487 2387 549 2468 μετ’
583 2385 764 2472 ἀφθαρσίας
798 2388 1007 2472 μακαριότητα
1037 2391 1106 2471 περὶ
1130 2386 1227 2451 αὐτοῦ
1251 2381 1422 2466 δόξαζεῦ).

184 2504 290 2568 Multa
312 2504 356 2568 sie
379 2503 476 2567 dubia
497 2523 627 2568 manere
651 2504 784 2590 quisque
807 2503 984 2588 intellegit,
1008 2503 1064 2566 sed
1079 2502 1231 2588 Epicurei
1253 2500 1423 2586 putabant

186 2717 366 2725 ——-.--

144 2896 146 2900 λ
184 2836 387 2900 subpeditabatur
410 2836 486 2887 iacies
511 2841 536 2886 et
552 2837 631 2886 forma
647 2838 776 2888 manebat'‘
794 2838 842 2899 (V,
870 2841 949 2899 1176,
974 2839 1030 2899 76),
1053 2837 1178 2888 communi
1194 2841 1293 2886 tantum
1309 2836 1424 2888 notione

185 2949 211 2982 se
237 2932 319 2983 animo
343 2932 483 2996 infigerent.
519 2932 556 2982 Of.
583 2934 656 2982 Lucr.
682 2933 718 2993 V,
745 2936 807 2982 1169
833 2949 900 2998 seqq.
945 2932 1014 2982 Huic
1038 2931 1170 2982 Laertiano
1196 2931 1251 2981 loco
1277 2931 1424 2994 opponitur

185 3028 236 3078 Cic.
254 3029 284 3077 de
299 3031 351 3077 nat.
369 3028 434 3077 deor.
453 3027 480 3088 I,
507 3027 538 3088 Ι,
558 3030 600 3088 19,
618 3030 665 3076 49:
684 3027 824 3090 „Epicurus
906 3028 978 3077 docet
994 3041 1048 3076 eam
1064 3042 1117 3076 esse
1134 3024 1190 3076 vim
1204 3029 1230 3074 et
1245 3030 1336 3074 natura
1356 3026 1421 3076 deo-

183 3139 254 3183 rum,
280 3127 309 3172 ut
332 3121 440 3185 primum
461 3137 511 3172 non
534 3137 622 3182 sensu,
646 3122 689 3171 sed
710 3127 792 3171 mente
817 3126 947 3182 cernatur,
973 3138 1018 3170 nec
1042 3120 1167 3172 soliditate
1193 3121 1300 3186 quadam
1316 3137 1368 3171 nec
1387 3124 1422 3172 ad

183 3233 329 3278 numerum,
355 3221 384 3266 ut
409 3232 438 3266 ea
463 3232 527 3281 quae
551 3216 594 3266 ille
610 3221 709 3280 propter
726 3216 867 3266 firmitatem
885 3218 1017 3279 στερέμνια
1035 3217 1159 3281 appellat,
1183 3217 1226 3266 sed
1242 3215 1420 3280 imaginibus,

184 3311 347 3362 similitudine
364 3316 389 3362 et
404 3311 551 3361 transitione
567 3312 704 3375 perceptis3
723 3328 823 3374 cumque
838 3311 938 3360 infinita
955 3311 1146 3361 simillumarum
1162 3311 1300 3375 imaginum
1317 3312 1420 3375 speeies

183 3423 215 3457 ex
237 3407 460 3456 innumerabilibus
483 3406 619 3455 individuis
644 3409 746 3456 exsistat
773 3412 797 3457 et
822 3409 853 3456 ad
869 3423 914 3456 nos
933 3407 979 3471 (ita
996 3407 1076 3456 Zeller
1092 3422 1137 3470 pro
1155 3411 1187 3455 ad
1202 3409 1271 3467 deos;
1297 3405 1418 3457 Schoem.

184 3503 248 3554 Bait.
260 3521 275 3552 α
283 3504 332 3568 deo)
343 3504 451 3565 adlinet,
464 3519 520 3552 cum
529 3502 643 3552 maximis
653 3503 821 3566 voluptatibus
830 3502 858 3552 in
867 3519 908 3552 eas
917 3503 1037 3567 imagines
1046 3508 1154 3552 mentem
1162 3503 1283 3552 intentam
1294 3501 1419 3553 infixam-

184 3616 232 3665 que
256 3605 381 3660 nostrum,
405 3598 601 3663 intellegentiam
624 3614 724 3662 capere,
746 3614 809 3663 quae
834 3598 867 3648 sit
883 3604 908 3648 et
924 3599 997 3648 beata
1013 3604 1143 3648 naturast
1160 3599 1282 3648 aeterna''.
1317 3597 1370 3647 Sed
1388 3605 1421 3649 ut

184 3694 294 3758 saepius,
320 3694 356 3745 ita
380 3693 427 3744 hoo
450 3693 504 3744 loco
524 3708 637 3758 quoque,
664 3692 750 3743 Cicero
766 3692 903 3756 Epicurum
919 3709 971 3743 non
986 3692 1139 3742 intellexisse
1156 3692 1256 3742 videtur
1270 3691 1359 3757 itaque
1376 3709 1419 3744 res

144 3825 145 3828 η
184 3789 330 3850 conturbat3
367 3787 475 3852 primum
509 3787 613 3837 alterum
638 3793 737 3837 tantum
760 3789 861 3838 deorum
896 3786 1084 3837 simulacrorum
1112 3803 1207 3851 genus,
1234 3785 1306 3851 quasi
1331 3786 1419 3838 solum

185 3889 277 3947 exstet,
295 3867 484 3943 commemorat3
511 3881 598 3932 deinde
615 3881 697 3931 minus
714 3887 752 3932 est
768 3888 912 3941 accuratus,
938 3897 995 3930 eum
1017 3881 1151 3946 στερέμνια
1168 3879 1318 3945 imaginibus
1336 3897 1418 3946 oppo-

184 3983 241 4039 nat,
269 3977 362 4029 oblitus
386 3978 519 4043 στερέμνια
546 3977 626 4027 videri
650 3993 700 4028 non
723 3993 795 4041 posse
819 3976 869 4026 nisi
893 3992 936 4040 per
962 3975 1099 4040 imagines:
1126 3976 1233 4041 denique
1258 3975 1311 4040 ipse
1332 3993 1420 4029 sermo

185 4073 303 4125 obscurus
320 4075 448 4124 confirmat
465 4073 608 4124 Ciceronem
625 4090 677 4124 rem
694 4091 744 4124 non
760 4072 920 4138 perspexisse.

218 4170 236 4232 ¹)
269 4169 309 4230 V,
328 4173 381 4218 148.

218 4265 237 4329 ²)
274 4264 410 4314 Plut.1.1.

217 4359 238 4422 ³)
271 4359 309 4419 V,
329 4361 383 4406 162.

218 4454 238 4518 4)
273 4454 310 4514 V,
329 4456 383 4502 153.

218 4550 238 4615 ⁵)
274 4548 325 4599 Cic.
343 4549 373 4598 de
390 4548 439 4599 div.
458 4549 502 4609 ΙΙ,
520 4553 559 4598 40.

218 4644 239 4708 6)
273 4645 305 4693 D.
323 4645 352 4694 L.
372 4645 410 4704 X,
431 4646 482 4693 123.
582 4698 584 4702 ,
