3196 5160
764 260 825 323 168

182 484 243 550 que
278 462 428 549 quietae,
464 484 541 547 quas
575 482 679 548 neque
714 461 899 526 concutiunt
932 459 1022 523 renti
1054 479 1114 522 nec
1147 456 1258 521 nubila
1291 454 1417 519 nimbis

181 585 355 665 aspergunt
388 599 492 665 neque
527 578 584 641 nix
607 579 671 641 acri
694 584 842 642 concreta
857 577 972 664 pruina
988 597 1067 640 cana
1081 574 1198 639 cadens
1212 574 1313 638 violat
1329 594 1416 637 sem·

180 717 301 782 perque
332 695 493 759 innubilus
523 693 634 758 aether
656 694 793 778 integit,
829 700 861 757 et
884 694 973 777 large
998 692 1111 756 diffuso
1135 692 1255 755 lumine
1278 691 1414 774 rident3

181 813 288 876 omnia
317 811 500 899 suppeditat
522 832 614 897 porro
637 818 771 893 natura,
806 832 910 898 neque
934 810 1000 875 ulla
1022 831 1073 873 res
1096 810 1195 874 animi
1216 831 1330 896 pacem
1356 809 1414 874 de-

180 930 260 993 libat
283 935 427 1014 tempore
450 929 483 991 in
505 928 592 992 ullo”
611 928 640 1012 ¹).

224 1047 357 1110 Praeter
390 1052 510 1110 rectam
534 1046 665 1110 deorum
688 1046 903 1129 cognitionem
926 1044 1024 1109 animi
1047 1050 1161 1108 natura
1183 1044 1331 1128 cognosci
1356 1043 1414 1108 de·

180 1164 253 1245 bet,
277 1184 317 1226 ne
340 1169 490 1250 putemus
513 1185 570 1226 nos
593 1163 788 1226 immortales
811 1184 880 1226 esse
904 1168 1029 1249 etpost
1051 1167 1187 1225 mortem
1206 1161 1308 1225 multa
1322 1162 1416 1225 mala

181 1302 350 1367 passuros,
374 1301 448 1343 nam
471 1281 581 1344 mortis
604 1286 708 1343 metus
735 1280 896 1362 ,funditus
918 1279 1091 1343 humanam
1113 1280 1213 1343 vitam
1236 1279 1346 1342 turbat
1371 1279 1414 1342 ab

180 1399 265 1480 ime,
290 1399 396 1462 omnia
418 1398 603 1462 suffundens
626 1399 736 1462 mortis
758 1399 908 1482 nigrore,
932 1419 1036 1484 neque
1059 1398 1156 1462 ullam
1178 1418 1247 1461 esse
1261 1398 1415 1482 volupta-

181 1522 247 1580 tem
280 1517 435 1603 liquidam
468 1538 643 1602 puramque
677 1516 848 1602 relinquit”
867 1514 902 1598 Ζ).
948 1516 1055 1579 Metus
1089 1514 1142 1578 hic
1171 1535 1273 1601 paene
1298 1535 1415 1578 omnes

182 1636 334 1720 corripit,
358 1635 435 1722 quin
459 1635 556 1699 etiam
580 1657 651 1718 eos,
675 1636 729 1721 qui
753 1655 785 1698 se
811 1634 896 1697 omni
919 1639 1008 1696 metu
1030 1633 1146 1696 liberos
1170 1653 1238 1696 esse
1254 1631 1415 1715 credunt,

181 1757 317 1815 mortem
355 1751 468 1814 timere
505 1757 638 1836 apparet
673 1757 705 1814 et
745 1751 796 1831 „in
826 1750 922 1813 rebus
956 1749 1077 1813 acerbis
1111 1749 1214 1813 acrius
1237 1748 1417 1813 advertunt

182 1869 305 1932 animos
328 1867 368 1931 ad
388 1868 614 1952 religionem”,
643 1889 735 1948 ,nam
758 1889 853 1931 verae
879 1888 973 1930 voces
996 1872 1064 1930 tum
1081 1866 1209 1930 demum
1224 1871 1357 1952 pectore
1374 1865 1416 1930 ab

181 1985 245 2048 imo
277 1985 453 2067 eiciuntur,
489 1991 521 2049 et
553 1985 686 2069 eripitur
720 2005 876 2069 persona,
910 1990 1019 2048 manet
1052 1984 1143 2066 res’',
1177 1983 1198 2045 i.
1223 2004 1250 2046 e.
1275 1983 1418 2068 eripitur

183 2099 283 2164 fallax
317 2100 460 2186 species,
491 2121 586 2186 quam
621 2121 697 2186 prae
730 2121 763 2163 se
798 2100 924 2181 ferunt,
959 2105 1067 2163 manet
1097 2120 1175 2162 vera
1197 2099 1362 2163 sententia
1380 2100 1418 2183 ³).

185 2218 360 2282 Praeterea
393 2239 465 2281 cum
499 2224 634 2281 mortem
668 2217 802 2281 timeant
832 2216 998 2299 homines,
1033 2217 1156 2299 omnia,
1191 2236 1273 2302 quae
1308 2215 1420 2282 vitam

181 2336 266 2400 tucri
288 2342 421 2422 possunt
443 2336 496 2399 vel
518 2357 610 2422 posse
633 2341 807 2421 putantur,
841 2335 1043 2420 voluptates,
1075 2334 1219 2418 divitias,
1250 2333 1420 2420 honores,

182 2474 278 2539 quam
312 2453 529 2516 strenuissime
560 2453 619 2517 sibi
649 2458 806 2538 quaerunt
829 2472 885 2538 per
909 2452 956 2516 fas
979 2458 1011 2515 et
1033 2451 1143 2535 nefas,
1177 2452 1223 2516 ita
1243 2457 1280 2515 ut
1303 2472 1351 2515 ex
1378 2475 1420 2518 eo

181 2571 296 2636 timore
330 2571 468 2657 plurima
501 2571 622 2634 scelera
654 2576 845 2653 nascantur,
875 2570 952 2656 quin
976 2570 1073 2634 etiam
1096 2569 1240 2634 homines
1262 2569 1325 2655 ipsi
1353 2572 1422 2636 sibi

181 2695 318 2753 mortem
339 2689 555 2772 consciscant,
582 2689 692 2770 „obliti
706 2688 826 2752 fontem
842 2710 989 2752 curarum
1005 2687 1090 2752 hunc
1107 2709 1175 2752 esse
1191 2689 1366 2752 timorem”
1381 2697 1422 2768 4).

226 2805 327 2869 Vides
358 2828 454 2891 quam
481 2806 632 2890 gravibus
655 2806 841 2891 acerbisque
863 2805 969 2869 verbis
992 2805 1161 2869 Lucretius
1183 2805 1294 2868 mortis
1316 2805 1422 2871 timo·

182 2941 251 2984 rem
284 2922 446 3007 vituperet
480 2922 573 3007 eique
606 2922 672 2985 fere
705 2921 811 2985 omnia
844 2921 930 2984 mala
952 2921 1072 2986 tribuat
1096 2928 1128 2986 et
1149 2921 1282 2985 fortasse
1305 2923 1422 2988 credis

184 3060 257 3104 eum
287 3039 413 3124 poetico
443 3039 549 3104 furore
572 3045 753 3126 correptum
777 3060 845 3103 esse
870 3044 902 3102 et
925 3060 944 3102 a
966 3039 1110 3122 magistri
1132 3039 1184 3103 via
1207 3038 1423 3105 aberrantem

183 3156 253 3221 eius
288 3155 373 3220 dicta
406 3178 630 3241 exaggerasse.
677 3157 741 3222 Sed
775 3179 847 3221 oum
870 3157 987 3241 legeris
1011 3156 1090 3220 illud
1113 3157 1245 3244 Epicuri
1268 3156 1421 3224 dictum:

187 3279 329 3357 „tantam
351 3273 516 3338 hominum
539 3275 788 3361 imprudentiam
812 3296 900 3356 esse,
924 3275 1022 3338 immo
1047 3273 1260 3356 dementiam,
1284 3280 1320 3338 ut
1346 3277 1422 3362 qui-

185 3390 257 3455 dam
289 3391 403 3454 timore
437 3391 548 3455 mortis
571 3397 724 3475 cogantur
748 3391 789 3454 ad
810 3393 966 3455 mortem³³
981 3390 1025 3474 ⁵),
1049 3414 1121 3455 cum
1143 3391 1204 3455 hoc
1226 3391 1423 3478 paradoxon

220 3623 237 3685 ¹)
272 3623 335 3684 ΙΙΙ,
355 3627 384 3673 18
402 3639 470 3689 seqq.

214 3717 233 3776 ²)
268 3717 330 3778 ΙΙΙ,
349 3721 380 3767 38
397 3734 465 3783 aeqq.

215 3814 235 3878 ³)
272 3813 333 3874 111,
354 3815 591 3875 53,54‚57‚58.

215 3909 236 3974 4)
272 3908 334 3968 ΙΙΙ,
353 3911 392 3957 82.

216 4004 236 4065 ⁵)
271 4003 371 4053 Seneca.
396 4001 476 4065 Epist.
502 4019 563 4053 mor.
587 4003 631 4053 lib.
651 4004 707 4065 III,
734 4021 771 4068 ep.
790 4008 821 4066 3,
847 4008 886 4054 23.
921 4005 992 4055 Duas
1010 4005 1121 4056 Lucretii
1136 4005 1257 4070 imagines
1274 4007 1337 4057 III:
1368 4011 1419 4071 87,

183 4114 242 4147 nam
267 4098 309 4148 vel
331 4097 370 4147 uti
393 4099 463 4160 pueri
489 4098 613 4161 trepidant
637 4104 694 4149 cett.
721 4106 746 4149 et
762 4117 799 4149 rs.
817 4103 848 4150 68
866 4100 971 4163 eripitur
986 4116 1091 4164 persona
1107 4107 1191 4151 manet
1207 4119 1259 4163 rea,
1284 4101 1312 4151 in
1328 4106 1420 4155 eadem

186 4192 293 4242 Senecae
312 4193 434 4256 epistola,
452 4209 602 4258 quamquam
618 4193 690 4243 aliter
708 4194 869 4256 adhibentur,
887 4185 1006 4245 invenies.
1028 4194 1038 4258 d
1059 4200 1106 4246 13:
1124 4198 1207 4262 „quod
1223 4196 1292 4247 vides
1304 4199 1420 4251 accidere

182 4285 282 4348 pueris,
299 4285 346 4335 hoc
363 4287 433 4336 nobis
451 4302 549 4351 quoque
565 4288 709 4338 maiusculis
725 4289 811 4352 pueris
828 4290 925 4339 evcnit:
945 4291 983 4339 illi
999 4307 1061 4355 quos
1072 4298 1173 4352 amant,
1191 4291 1282 4357 quibus
1293 4294 1418 4345 adsueve-

183 4385 258 4441 runt,
276 4397 333 4430 cum
350 4383 438 4444 quibua
450 4381 553 4444 ludunt,
572 4385 593 4432 si
603 4390 746 4446 personatos
758 4387 859 4446 vident,
878 4391 1061 4449 expavescunt:
1083 4403 1133 4438 non
1144 4387 1286 4438 hominibus
1297 4394 1416 4452 tantum,

184 4477 227 4525 sed
243 4477 312 4523 rebar
328 4490 432 4536 persona
448 4477 567 4526 demenda
583 4484 621 4528 est
638 4486 663 4528 et
679 4481 802 4530 reddenda
818 4482 893 4531 facies
911 4482 979 4533 sua'’.
1014 4482 1077 4531 Cum
1094 4487 1171 4532 etota
1182 4482 1286 4546 epistola
1297 4491 1417 4548 appareat

184 4576 278 4636 quanta
301 4570 424 4620 industria
446 4572 539 4622 Seneca
562 4574 612 4623 huc
628 4578 776 4638 pertinentia
793 4577 896 4640 Epicuri
913 4577 1004 4640 scripta
1020 4577 1108 4641 legerit
1135 4579 1177 4644 (ef.
1196 4579 1207 4643 q
1226 4581 1270 4639 18,
1290 4583 1338 4640 22,
1357 4584 1413 4641 23),
