3196 5160
769 302 809 364 69

178 500 335 566 videntur.
381 501 463 567 Oum
496 503 753 568 mechanicorum
787 525 875 568 more
899 505 997 569 animi
1020 510 1166 569 naturam
1190 505 1407 572 describentes

180 623 285 682 tamen
307 640 416 684 omnes
441 620 643 686 difficultates
666 642 770 707 neque
793 622 894 685 vitare
918 643 1022 707 neque
1046 622 1170 686 solvere
1193 629 1341 708 possent,
1366 624 1406 687 ad

182 736 244 799 vim
280 738 438 822 qnondam
469 739 607 802 nominis
638 745 808 825 expertem
830 739 1061 823 confugerunt,
1097 760 1179 824 quae
1203 746 1238 802 ut
1262 740 1342 803 deus
1365 761 1408 803 ex

179 853 324 917 machina
354 855 474 919 auxilio
498 857 616 920 veniat.
670 857 761 921 Haec
784 863 896 942 quarta
919 857 1017 919 animi
1040 878 1114 941 pars
1136 856 1317 920 necessaria
1340 862 1404 938 est,

180 971 251 1056 quia
285 972 378 1036 aliter
412 972 566 1059 explicari
599 996 663 1037 non
697 980 828 1058 possunt
855 973 1018 1055 ,sensiferi
1041 976 1168 1038 motus’'
1198 976 1303 1057 (240),
1340 995 1402 1060 quo

179 1088 269 1152 modo
303 1096 411 1153 autom
441 1089 500 1153 hac
525 1091 556 1154 vi
579 1090 724 1154 adhibita
754 1091 910 1176 explicari
933 1091 1073 1176 possint,
1097 1112 1160 1154 non
1183 1091 1403 1177 perspicimus.

148 1262 151 1265 .
179 1205 303 1269 Dicitur
336 1207 403 1270 sola
437 1207 661 1271 sensifercrum
695 1215 840 1272 motuum
874 1230 970 1272 causa
1003 1230 1072 1272 esse
1104 1214 1136 1272 et
1170 1208 1256 1272 idem
1284 1207 1403 1272 habere

180 1345 249 1387 oum
283 1325 388 1388 animo
421 1325 600 1407 vinculum,
635 1327 719 1412 quod
753 1327 878 1390 animus
901 1347 973 1390 cum
996 1346 1127 1411 corporo
1150 1325 1270 1408 habet,
1307 1346 1404 1411 quare

180 1441 274 1505 totius
303 1443 429 1506 animae
463 1444 570 1507 anima
600 1444 791 1530 appellatur.
837 1444 986 1507 Fortasse
1009 1449 1105 1528 poeta
1127 1443 1158 1506 ei
1180 1444 1304 1528 partem
1327 1443 1404 1507 acti-

179 1579 249 1620 vam
278 1560 508 1644 perceptionis,
533 1566 568 1623 ut
591 1561 636 1625 ita
660 1561 780 1642 dicam,
804 1560 936 1642 tribuit,
959 1559 1005 1623 ita
1028 1565 1063 1622 ut
1087 1580 1125 1623 ea
1147 1560 1272 1623 animus
1297 1560 1402 1624 inten-

180 1674 270 1738 datur
299 1677 332 1739 in
364 1697 418 1758 ea,
442 1677 557 1762 quibus
580 1698 693 1763 corpus
716 1676 852 1740 afficitur
873 1696 931 1762 per
955 1697 1075 1740 sensus.
1122 1676 1198 1741 Sine
1220 1676 1277 1740 illa
1299 1683 1402 1741 atton-

178 1792 263 1856 tione
298 1793 384 1856 enim
417 1795 638 1880 perceptiones
673 1794 713 1858 ad
747 1795 973 1858 conscientiam
1007 1815 1071 1858 non
1104 1794 1307 1879 perveniunt.
1352 1793 1404 1857 Ita

179 1909 379 1974 difficultates
401 1911 442 1974 ad
464 1912 551 1976 aliud
573 1912 807 1976 transferuntur
829 1906 933 1998 neque
957 1912 1037 1976 solvi
1054 1918 1202 1997 possunt.
1248 1911 1349 1974 Porro
1378 1911 1406 1974 si

181 2029 249 2113 quis
273 2029 413 2114 quaerit,
437 2030 539 2093 utrius
561 2029 622 2093 hae
647 2036 796 2115 quattuor
817 2029 881 2092 sint
903 2035 1010 2114 partes
1034 2028 1131 2093 animi
1147 2050 1188 2092 an
1204 2027 1329 2091 animae
1343 2077 1351 2109 ,
1364 2049 1405 2091 an

178 2146 361 2232 utriusque,
390 2146 517 2210 difficile
541 2147 602 2210 erit
625 2147 791 2232 quaerenti
812 2167 963 2231 responso
986 2147 1063 2210 satis
1085 2147 1199 2209 facere.
1246 2144 1328 2209 Sunt
1351 2145 1406 2230 qui

176 2269 293 2347 putent
312 2262 332 2346 ¹)
369 2265 506 2328 calorem
537 2271 569 2328 et
603 2285 713 2329 auram
744 2271 776 2327 et
809 2284 916 2327 aerem
939 2264 1064 2327 animae
1087 2269 1194 2348 partes
1221 2282 1308 2343 esse,
1333 2282 1405 2324 cum

174 2381 302 2444 animus
324 2381 392 2444 sive
414 2402 504 2444 mens
528 2402 545 2444 c
570 2387 682 2467 quarta
704 2380 760 2443 illa
782 2385 872 2464 parte
896 2381 937 2443 sit
959 2380 1070 2443 factus.
1101 2379 1193 2442 Haec
1209 2379 1316 2464 opinio
1333 2400 1405 2444 con-

173 2499 283 2562 cinere
319 2498 447 2562 vidctur
470 2521 542 2562 cum
565 2498 730 2562 Plutarchi
754 2495 918 2581 verbis²):
942 2501 978 2563 τὸ
1002 2500 1065 2584 γὰρ
1090 2496 1113 2585 ᾧ
1137 2501 1232 2583 κρίνει
1256 2503 1304 2564 καὶ
1327 2527 1405 2580 μνη·

167 2618 297 2692 μονεΰει
331 2620 379 2681 καὶ
415 2616 498 2702 φιλεῖ
532 2621 580 2682 καὶ
614 2626 695 2700 μισεῖ
725 2622 773 2682 καὶ
798 2616 885 2691 ὅλως
907 2617 944 2681 τὸ
968 2617 1125 2700 φρόνιμον
1148 2619 1197 2679 καὶ
1220 2614 1405 2703 λογιστικὸν

167 2731 205 2798 ἔκ
250 2761 338 2812 τινος
380 2739 477 2820 φησὶν
512 2734 770 2816 ἀκατονομάστου
807 2736 977 2809 ποιότητος
1013 2731 1227 2818 ἱπιγίνεσθαι”
1265 2737 1298 2795 et
1333 2752 1405 2795 eum

163 2845 279 2935 ipsius
301 2850 444 2914 Lucretii
466 2850 583 2932 verbis,
607 2871 679 2915 cum
701 2850 768 2914 fero
792 2849 907 2932 omnia,
932 2869 1013 2935 quae
1037 2847 1076 2912 do
1101 2853 1213 2934 quarta
1235 2848 1291 2911 illa
1313 2853 1404 2933 parte

161 2965 333 3050 dicantur,
358 2967 455 3031 etiam
477 2968 583 3032 animo
606 2967 822 3031 attribuantur
835 2965 870 3044 3).
916 2965 980 3030 Sed
1009 2971 1116 3030 tamen
1138 2971 1272 3050 apparet
1296 2964 1404 3028 discri-

159 3101 251 3148 men
285 3105 354 3148 esse
388 3085 473 3148 inter
503 3091 691 3171 utrumque,
735 3106 808 3148 cum
841 3085 967 3148 animus
994 3083 1118 3147 dicatur
1143 3081 1250 3146 media
1271 3079 1403 3165 regione

52 3277 57 3280 Ι
153 3198 205 3266 in
238 3203 376 3288 pectoris
409 3202 541 3267 haerere
553 3204 597 3286 4),
628 3204 683 3266 illa
716 3224 789 3287 pars
823 3203 952 3287 penitus
981 3222 1127 3287 prorsum
1157 3200 1258 3264 latere
1282 3206 1314 3263 et
1330 3199 1403 3262 snb<-

156 3338 256 3401 esse,
272 3340 331 3382 neo
348 3319 450 3403 magis
465 3319 525 3383 hac
540 3320 625 3383 intra
640 3320 741 3399 (codd.
753 3321 855 3403 infru)
872 3321 1040 3406 quicquam
1056 3339 1125 3382 esse
1140 3319 1174 3381 in
1187 3338 1316 3403 corpore
1332 3338 1403 3381 nos-

154 3435 284 3518 1:10⁵),
313 3457 385 3500 oum
418 3437 559 3500 animum
590 3437 673 3501 dicat
696 3444 792 3523 poeta
814 3458 1052 3522 nonnumquam
1076 3435 1177 3518 laedi,
1206 3434 1281 3498 dum
1297 3455 1403 3520 neque

152 3554 283 3617 anima
318 3573 422 3639 neque
457 3575 570 3639 corpus
604 3561 864 3618 commoveantur
876 3559 919 3637 ⁰),
960 3554 1001 3618 ad
1030 3555 1118 3618 illam
1151 3552 1274 3616 dolores
1297 3572 1401 3637 neque

155 3689 248 3734 acre
278 3670 399 3733 malum
432 3676 552 3735 temere
583 3679 751 3757 penetrare
784 3677 936 3757 possunt,
982 3671 1058 3756 quin
1091 3691 1176 3733 mors
1210 3673 1360 3754 sequatur
1371 3670 1401 3752 ἶ).

154 3782 277 3852 Porro
314 3788 470 3869 ,nominis
503 3789 582 3854 haec
617 3811 733 3876 expers
765 3790 832 3853 vis”
869 3793 1070 3874 comparatur
1099 3808 1172 3851 cum
1209 3785 1325 3868 „animi
1347 3785 1400 3850 vi”

208 4066 230 4121 ¹)
267 4064 431 4115 Roisackerus
447 4063 475 4113 in
491 4063 554 4114 libro
570 4064 671 4115 laudato
686 4083 710 4129 p.
729 4069 768 4114 20.

209 4160 230 4223 ²)
265 4162 330 4210 Adv.
349 4159 401 4210 Col.
420 4163 459 4208 20.

208 4258 228 4318 ³)
264 4255 621 4318 efres-roo,241-257.

208 4351 228 4413 ⁴)
266 4355 318 4401 140.

209 4447 228 4505 6)
263 4447 318 4499 273.

210 4540 230 4606 ⁸)
266 4544 319 4590 149.

210 4635 230 4703 ⁷)
264 4639 319 4687 252.
