3196 5160
783 301 844 363 170

181 497 276 563 Hane
299 500 338 563 ob
363 521 491 564 oausam
512 506 648 565 mortem
671 503 822 565 metuas?
867 502 1002 587 Cogita,
1037 523 1172 588 quaeso,
1204 501 1263 566 tibi
1286 507 1421 566 mortuo

182 616 301 680 nullius
323 618 370 681 rei
393 617 587 681 desiderium
610 617 762 682 futurum.
785 618 959 682 Praeterea
981 619 1049 682 vita
1072 619 1144 704 plus
1167 619 1312 683 eontinet
1327 619 1419 684 dolo-

181 734 225 797 ris
259 757 354 821 quam
387 735 572 822 voluptatis.
620 736 689 817 ,Tu
723 735 852 821 quidem
887 741 923 799 ut
955 756 988 799 es
1010 736 1076 799 leto
1101 737 1243 820 sopitus,
1280 736 1326 800 sie
1352 735 1418 800 eris

183 852 254 915 aevi
288 852 372 938 quod
402 874 497 938 super
528 859 576 918 est
609 853 731 917 eunetis
764 852 902 938 privatu’
936 852 1098 917 doloribus
1134 855 1260 937 aegris:
1298 860 1332 918 at
1355 875 1416 918 nos

181 967 329 1035 horrifico
359 971 549 1034 cinefactum
572 976 604 1034 te
627 991 726 1056 prope
748 970 841 1033 busto
864 971 1090 1034 insatiabiliter
1114 971 1324 1054 deflevimus,
1362 992 1415 1036 ae·

182 1091 371 1173 ternumque
394 1088 483 1152 nulla
506 1087 573 1151 dies
596 1088 687 1151 nobis
710 1108 867 1151 merorem
892 1108 909 1151 e
932 1093 1062 1173 pectore
1087 1086 1193 1152 demet
1218 1137 1278 1152 ...
1312 1088 1415 1172 igitur

182 1204 447 1288 quaerendumst,
482 1206 558 1292 quid
593 1206 634 1269 sit
668 1207 767 1270 amari
801 1211 890 1269 tanto
925 1226 1044 1291 opere,
1079 1205 1120 1269 ad
1142 1227 1289 1269 somnum
1311 1206 1340 1269 si
1363 1226 1413 1270 res

182 1319 266 1383 redit
282 1326 377 1406 atque
393 1321 550 1407 quietem,
569 1343 625 1385 eur
637 1321 803 1407 quisquam
815 1327 945 1385 aeterno
960 1321 1060 1405 possit
1074 1321 1238 1384 tabescere
1253 1320 1366 1384 luetu‘’
1383 1322 1412 1403 ¹).

180 1435 268 1500 Num
279 1442 386 1501 tamen
399 1443 466 1502 tota
479 1459 521 1502 ex
535 1437 667 1522 Epicuri
676 1443 783 1501 mente
797 1438 837 1501 sit
849 1436 928 1502 haee
941 1438 1115 1502 consolatio
1129 1437 1311 1501 dubitamus
1323 1459 1331 1520 3
1349 1457 1412 1500 non

181 1554 267 1616 enim
300 1555 449 1618 convenit
478 1576 551 1618 eum
573 1555 703 1619 laudata
725 1555 823 1618 animi
857 1554 1030 1642 ἀταραξίᾳ,
1056 1555 1082 1618 si
1105 1561 1243 1618 mortem
1266 1554 1412 1640 requiem

80 1726 85 1738 .
180 1670 279 1735 habes
302 1672 388 1738 vitae
410 1673 576 1737 malorum.
622 1673 748 1737 Pariter
771 1673 932 1758 vituperat
956 1672 1113 1758 Epicurus
1137 1673 1191 1758 qui
1214 1678 1354 1736 mortem
1376 1677 1411 1735 ut

181 1790 337 1875 malorum
370 1791 546 1856 maximum
575 1791 719 1876 fugiunt,
744 1797 839 1877 atque
863 1812 936 1874 eos,
961 1792 1015 1878 qui
1039 1812 1110 1855 eam
1132 1800 1169 1854 ut
1191 1791 1337 1876 requiem
1362 1810 1410 1853 eo·

180 1927 268 1991 rum,
292 1908 429 1994 quaein
452 1909 625 1991 vitasunt,
650 1909 789 1972 tristium
805 1909 958 1993 eupiunt:
988 1913 1018 1974 οἱ
1041 1908 1160 1974 πολλοὶ
1185 1910 1242 1972 τὸν
1267 1909 1411 1972 θάνατον

183 2029 233 2092 ὁτὲ
267 2032 324 2108 μὲν
354 2028 398 2103 ὡς
428 2031 576 2114 μέγιστον
598 2033 663 2092 τῶν
687 2032 789 2092 κακῶν
813 2031 1006 2113 φεύγουσιν,
1039 2032 1089 2093 ὁτὲ
1113 2024 1138 2092 δ’
1163 2028 1206 2101 ὡς
1231 2027 1410 2091 ἀνάπαυσιν

182 2146 246 2206 τῶν
280 2145 389 2230 ἐντῷ
419 2144 478 2220 ζῆν
509 2148 612 2209 κακῶν
646 2148 816 2209 ποθοῦσιν.
861 2143 997 2229 Sapiens
1031 2143 1101 2208 οὔτε
1137 2141 1283 2229 φοβεῖται
1310 2143 1348 2208 τὸ
1370 2144 1410 2224 μὴ

182 2257 241 2334 ζῆν
269 2279 276 2292 ·
312 2258 383 2325 οὔτε
422 2261 485 2346 γὰρ
521 2261 606 2346 αὐτῷ
628 2264 835 2345 προσίσταται
857 2261 894 2325 τὸ
918 2260 999 2335 ζῆν·
1034 2258 1105 2325 οὔτε
1128 2257 1292 2334 δοξάζεται
1316 2260 1410 2324 κακὸν

136 2463 138 2466 ¹
182 2375 259 2442 εἶναι
282 2379 318 2442 τὸ
341 2380 383 2459 μὴ
407 2377 466 2454 ζῆν
479 2375 516 2459 ²).

226 2493 289 2568 Qui
326 2493 425 2558 edunt
462 2499 494 2558 et
531 2494 645 2557 bibunt
679 2500 711 2558 et
745 2492 886 2579 gaudent
921 2493 1063 2558 dieentes
1108 2493 1233 2575 ,brevis
1267 2492 1321 2557 hie
1363 2497 1410 2556 est

182 2608 302 2673 fruetus
324 2610 496 2693 homullis,
529 2610 594 2674 iam
616 2610 733 2693 fuerit,
767 2631 871 2696 neque
894 2616 966 2697 post
988 2631 1140 2696 umquam
1162 2629 1312 2674 revocare
1338 2609 1410 2673 liee-

183 2727 261 2810 bit”,
286 2728 383 2792 etiam
406 2729 547 2812 cogitare
570 2727 720 2791 videntur
742 2728 808 2792 fore
831 2733 868 2791 ut
890 2728 951 2790 sibi
973 2727 1107 2791 mortuis
1130 2727 1193 2790 iam
1217 2727 1411 2791 desiderium

184 2842 318 2907 alieuius
351 2845 398 2908 rei
432 2845 517 2909 insit.
563 2844 704 2909 Stultos!
754 2845 840 2927 ,Nee
872 2844 932 2908 sibi
967 2845 1053 2909 enim
1084 2844 1251 2930 quisquam
1282 2850 1354 2907 tum
1377 2864 1411 2908 se

184 2961 346 3047 vitamque
379 2962 533 3048 requirit,
568 2983 641 3026 eum
675 2962 795 3048 pariter
828 2983 919 3026 mens
952 2968 985 3025 et
1020 2982 1134 3048 eorpus
1168 2962 1272 3047 sopita
1305 2961 1411 3047 quies·

183 3080 278 3142 eunt”
297 3081 334 3162 ³).
379 3079 458 3144 Vita
491 3086 540 3144 est
567 3081 658 3167 quasi
681 3080 883 3144 convivium:
918 3080 1052 3166 quisque
1075 3080 1210 3143 conviva
1233 3086 1348 3144 eareat
1369 3101 1411 3145 ne

183 3203 309 3283 tempus
344 3198 483 3262 abeundi
505 3200 614 3263 veniat
637 3205 808 3286 antequam
831 3205 918 3263 satur
942 3200 1004 3262 sit:
1040 3220 1115 3262 nam
1137 3205 1262 3284 tempus
1285 3204 1411 3263 eertum

183 3316 296 3402 cuique
321 3316 430 3380 datum
453 3323 521 3399 est,
546 3337 618 3380 eum
641 3317 696 3380 alii
720 3338 845 3404 quoque
869 3316 981 3380 eodem
1006 3315 1143 3380 debeant
1166 3316 1313 3379 convivio
1329 3317 1409 3401 frui,

185 3434 333 3520 ,vitaque
354 3434 513 3520 mancipio
536 3434 616 3498 nulli
640 3434 753 3518 detur,
777 3435 923 3499 omnibus
945 3434 1036 3498 usu”.
1081 3433 1132 3497 Ne
1156 3439 1262 3518 speret
1284 3433 1354 3498 fore
1375 3440 1411 3499 ut

183 3552 269 3616 aliud
292 3553 473 3616 convivium
496 3553 568 3640 plus
591 3553 765 3639 voluptatis
787 3553 848 3616 sibi
872 3553 943 3635 det,
966 3574 1040 3616 nam
1066 3551 1197 3634 ,eadem
1214 3558 1287 3615 sunt
1303 3554 1412 3618 omnia

182 3672 338 3756 semper”.
385 3671 447 3746 Qui
481 3677 569 3734 satur
599 3676 647 3734 est
681 3691 781 3756 aequo
814 3671 919 3734 animo
948 3670 1054 3755 sapiat
1077 3691 1221 3734 securam
1244 3670 1410 3755 quietem,

182 3793 214 3852 et
248 3788 302 3874 qui
336 3786 478 3851 nondum
508 3794 594 3852 satur
617 3793 665 3852 est
688 3793 820 3873 questus
842 3787 989 3869 omittat,
1024 3808 1097 3850 eum
1120 3786 1215 3872 eulpa
1238 3809 1296 3851 sua
1320 3788 1410 3852 abire

183 3905 297 3971 debeat
331 3912 502 3992 antequam
532 3905 599 3969 vita
621 3905 741 3969 fruetus
764 3905 825 3987 sit,
861 3903 935 3990 quia
958 3925 1083 3990 semper
1106 3904 1222 3968 avebat
1246 3905 1332 3991 quod
1355 3906 1409 3971 ab·

182 4029 270 4105 erat,
294 4023 475 4109 praesentia
498 3998 721 4086 contemnebat
736 4023 772 4104 4).

186 4222 378 4229 --.

216 4361 234 4425 l)
270 4359 334 4421 ΙΙΙ,
352 4363 399 4410 894
417 4375 484 4425 seqq.

213 4455 233 4518 Ι)
269 4455 301 4504 D.
319 4454 484 4516 L.x‚125.

214 4552 233 4610 3)
267 4551 330 4611 ΙΙΙ,
348 4553 395 4598 912
412 4565 479 4615 seqq.

215 4644 234 4703 ⁴)
268 4643 327 4704 ΙΙΙ,
346 4647 391 4692 931
411 4659 477 4708 seqq.
