3196 5160
758 283 801 347 40

180 494 288 552 tamen
309 493 414 552 motus
437 486 536 550 oculis
559 484 661 550 videri
684 508 747 550 non
770 493 919 572 possunt,
943 487 1094 573 quoniam
1115 487 1204 572 ipsae
1218 488 1317 551 atomi
1334 494 1409 552 sunt

183 606 382 688 invisibiles,
424 605 630 691 ,praesertim
664 627 754 688 cum,
804 627 886 691 quac
922 607 1080 691 possimus
1114 627 1267 689 cernere,
1303 606 1409 671 celent

182 744 277 809 saepe
300 730 407 788 tamen
430 728 550 804 motus,
574 721 675 807 spatio
699 721 827 786 diducta
849 723 991 787 locorum
1005 723 1022 751 ’'
1046 729 1082 786 ut
1108 722 1243 808 ,pabula
1266 724 1352 787 lacta
1374 724 1409 787 in

182 841 255 905 colli
284 839 452 905 tondentes
485 839 647 923 lanigerae
680 838 850 924 pecudcs”,
885 859 985 924 quac,
1018 860 1090 902 cum
1113 839 1209 924 longe
1233 840 1408 924 absumus,

181 959 360 1023 immobiles
383 979 452 1022 esse
474 956 623 1021 videntur
640 957 667 1040 ¹).
712 957 776 1022 Hic
800 956 1035 1021 animadvertas
1058 957 1247 1021 Lucretium
1278 979 1409 1043 prorsus

182 1076 329 1161 ignorare
364 1076 553 1159 discrimen,
588 1074 672 1161 quod
706 1080 753 1138 cst
783 1075 867 1138 inter
898 1075 1053 1160 quietem,
1077 1096 1158 1160 quae
1188 1075 1303 1138 dicitur
1328 1076 1410 1139 rela-

183 1195 269 1279 tiva,
294 1200 325 1257 ct
356 1193 554 1275 absolutam,
590 1191 674 1279 quod
705 1192 874 1255 discrimen
909 1213 949 1255 ne
981 1193 1139 1278 Epicurus
1163 1194 1292 1280 quidem
1315 1215 1410 1258 nosse

182 1310 326 1394 videtur,
366 1331 428 1397 quo
464 1310 583 1374 factum
618 1316 679 1392 cst,
714 1314 749 1372 ut
779 1329 855 1372 suae
879 1308 1041 1373 doctrinae
1067 1309 1179 1373 falsam
1215 1310 1409 1396 protulerint

183 1429 489 1516 interpretationem.
546 1428 580 1492 Si
616 1427 713 1491 atomi
758 1432 913 1512 perpetuo
955 1427 1073 1491 cadunt
1112 1434 1144 1491 ct
1179 1427 1255 1492 dum
1291 1428 1412 1493 cadunt

184 1566 310 1629 omnes,
344 1566 426 1632 quae
462 1543 595 1628 cogitari
628 1550 780 1629 possunt,
816 1544 954 1608 subeunt
994 1545 1232 1630 complexiones
1268 1553 1300 1609 ct
1336 1567 1412 1610 con·

184 1664 409 1749 gregationcs,
440 1663 546 1727 omnia
569 1683 650 1749 quae
673 1663 818 1727 videmus
842 1685 974 1750 corpora
997 1685 1039 1727 cx
1062 1665 1175 1728 atomis
1199 1671 1411 1749 congregata,

185 1782 276 1846 nobis
306 1803 370 1846 non
398 1780 480 1845 hanc
504 1781 544 1845 ob
567 1802 635 1844 rem
658 1781 821 1867 quiescere
844 1781 1010 1864 videntur,
1035 1781 1109 1868 quia
1132 1783 1229 1846 atomi
1252 1789 1318 1846 tam
1340 1804 1413 1869 par·

184 1921 244 1965 vac
277 1905 370 1983 sunt,
407 1907 443 1963 ut
464 1899 570 1963 visum
605 1899 776 1983 effugiant:
808 1922 883 1964 nam
911 1900 970 1964 etsi
993 1900 1053 1963 hoc
1076 1921 1188 1964 verum
1211 1907 1279 1983 cst,
1303 1906 1413 1964 tamen

185 2017 424 2102 complexiones
453 2021 632 2080 atomorum
665 2015 793 2079 eosdem
816 2024 979 2080 servantes
1003 2022 1129 2099 motus,
1164 2038 1242 2103 quos
1266 2017 1412 2102 singulae

187 2134 303 2217 atomi,
336 2134 439 2198 videri
462 2133 635 2198 deberent:
671 2133 726 2196 scd
749 2133 824 2219 quia
846 2135 952 2199 omnia
975 2156 1076 2221 aeque
1099 2135 1246 2199 celeriter
1268 2135 1309 2199 ad
1330 2136 1414 2200 line-

188 2275 239 2317 am
263 2251 401 2334 cadunt,
424 2250 506 2315 hanc
529 2251 568 2315 ob
595 2271 663 2314 rem
685 2249 720 2313 hi
742 2256 847 2314 motus
870 2251 1088 2316 tantummodo
1111 2253 1269 2334 videntur,
1294 2253 1349 2339 qui
1373 2254 1414 2317 ab

185 2369 239 2434 illo
270 2368 430 2433 communi
452 2374 541 2431 motu
564 2368 729 2432 decedunt.
754 2369 928 2432 Praeterea
950 2368 1001 2432 hic
1025 2370 1194 2433 Lucretius
1217 2370 1292 2456 qui,
1316 2376 1414 2435 antea

184 2485 250 2549 iam
285 2483 367 2548 dixit
381 2485 407 2567 ²)
441 2483 475 2547 in
497 2484 621 2547 infinito
644 2505 743 2549 vacuo
766 2505 831 2547 non
854 2505 923 2548 esse
947 2490 1110 2568 centrum,
1133 2507 1210 2549 num
1232 2486 1266 2548 in
1288 2485 1414 2550 infinito

187 2603 288 2689 spatio
312 2623 408 2687 supra
431 2601 471 2665 sit
494 2607 526 2665 et
548 2601 647 2684 infra,
671 2623 796 2665 sursum
819 2608 851 2665 et
875 2601 1021 2666 deorsum
1038 2608 1070 2667 et
1086 2602 1162 2689 quid
1178 2603 1218 2666 sit
1235 2603 1275 2667 ad
1293 2603 1414 2668 lincam

189 2788 359 2798 ———

218 2896 240 2958 ¹)
272 2893 304 2945 V.
329 2896 391 2955 315,
417 2909 484 2959 seqq.
505 2893 539 2942 D.
562 2893 592 2942 L.
614 2892 656 2953 X,
679 2895 726 2942 66:
751 2894 808 2944 οὐθ’
830 2895 899 2952 ὅπως
916 2895 949 2944 ἂν
969 2891 1067 2960 γίνοιτο
1084 2895 1166 2959 ὁρατὴ
1191 2893 1207 2955 ἡ
1228 2895 1323 2957 ἄτομος
1343 2894 1415 2946 ἔστιν

183 2994 327 3054 ἐπινοῆσαι.

219 3103 240 3163 ’l
271 3102 304 3152 In
320 3101 369 3152 fine
385 3100 444 3151 libri
460 3102 482 3152 I.

216 3212 236 3278 ³)
271 3211 304 3262 D.
321 3211 350 3262 L.
368 3212 410 3272 Χ,
428 3215 467 3261 60.
500 3211 581 3262 Locus
608 3215 647 3261 est
662 3214 799 3274 corruptus.
834 3209 866 3258 Iu
888 3207 970 3259 codice
996 3208 1112 3259 Leidensi
1128 3209 1249 3274 leguntur
1265 3208 1342 3260 haec:
1373 3213 1418 3261 nat

183 3309 235 3374 μὴν
256 3309 297 3357 καὶ
322 3310 367 3359 τοῦ
391 3305 497 3372 ἀπείρου
521 3309 554 3365 ὡς
580 3309 625 3372 μὲν
643 3308 766 3357 ἀνωτάτω
783 3307 799 3367 ἢ
816 3306 971 3362 κατωτάτω,
1000 3307 1029 3356 οὐ
1047 3305 1082 3356 δεῖ
1101 3309 1311 3372 κατηγορεῖν·τὸ
1329 3309 1418 3370 ἅνωῆ

184 3404 252 3455 κάτω
273 3406 359 3469 μέντοι
386 3407 414 3454 rb
441 3402 503 3467 ὑπὲρ
531 3407 639 3468 κεφαλῆς
658 3417 663 3429 ·
682 3403 742 3454 ὅθεν
770 3403 804 3452 ἂν
822 3403 851 3451 τὸ
869 3402 915 3464 μὲν
932 3402 967 3458 εἰς
984 3403 1091 3465 ἄπειρον
1111 3403 1182 3469 ἄγειν
1200 3406 1245 3460 ὃν,
1269 3402 1337 3467 ’μηδέ
1354 3422 1418 3454 ποτε

184 3501 319 3567 φανεῖσθαι
345 3501 420 3551 τοῦτο
443 3497 549 3564 ιἰμῐν·ἢ
575 3503 604 3551 rb
630 3498 750 3548 ὑποκάτω
769 3501 812 3548 τοῦ
831 3497 970 3556 νοηῦέντος
987 3497 1022 3555 εἰς
1038 3499 1147 3558 ἄπειρον
1166 3499 1218 3560 άμα
1236 3500 1289 3548 ἄνω
1307 3517 1335 3548 τε
1352 3502 1419 3550 εἶναι

184 3598 227 3648 καὶ
252 3598 321 3647 κάτω
347 3599 412 3660 πρὸς
429 3597 458 3648 τὸ
476 3597 557 3646 αὑτά·
576 3598 652 3647 τοῦτο
669 3597 717 3660 γὰρ
736 3594 867 3645 ἀδύνατον
885 3595 1072 3654 διανοηθῆναι·
1091 3595 1155 3644 ὥστε
1173 3595 1226 3645 ἔστι
1245 3592 1305 3658 μίαν
1322 3595 1419 3658 λαβεῖν

185 3695 266 3757 φοράν
289 3692 341 3751 τὴν
365 3691 418 3741 ἅνω
442 3688 583 3753 νοουμένην
608 3690 642 3747 εἰς
664 3691 787 3753 άπειρον·
806 3690 848 3739 καὶ
875 3690 937 3751 μίαν
955 3689 1004 3747 τὴν
1022 3690 1090 3739 κάτω
1108 3691 1141 3739 ἂν
1158 3692 1199 3740 καὶ
1216 3692 1333 3754 μυριάκις
1351 3693 1420 3754 πρὸς

185 3786 267 3844 πόδας
289 3792 340 3837 τῶν
357 3785 444 3837 ἐπάνω
463 3790 492 3838 rb
510 3785 571 3849 παρ’
591 3785 660 3850 ἡμῶν
677 3786 813 3850 φερόμενον
831 3785 891 3842 τοὺς
910 3783 974 3842 ὑπὲρ
993 3785 1103 3849 κεφαλῆς
1117 3786 1187 3849 ἡμῶν
1199 3788 1293 3842 τόπους
1313 3787 1420 3851 άφικνῆ·

187 3899 246 3942 ται,
264 3882 280 3943 ἦ
297 3881 340 3932 ἐπὶ
363 3884 412 3941 τὴν
433 3882 546 3945 κεφαλὴν
564 3885 615 3930 τῶν
633 3878 684 3932 ὑπὸ
701 3881 770 3929 κάτω
789 3883 817 3931 rb
836 3883 898 3943 παρ’
919 3879 989 3943 ἡμῶν
1007 3881 1076 3930 κάτω
1098 3885 1248 3946 φερόμενον·
1270 3882 1284 3940 ἡ
1302 3884 1350 3947 γὰρ
1369 3885 1419 3944 ὅλη

187 3977 267 4040 φορά,
296 3977 372 4026 οὐθὲν
397 3974 477 4037 ἧττον
503 3975 607 4039 ἑκατέρα
635 3974 795 4039 ἀντικειμένη
820 3975 859 4023 ἐπ’
875 3979 881 4031 ξ
896 3977 1001 4039 ἄπειρον
1018 3979 1122 4026 νοεῖται.
1157 3974 1247 4024 Paucis
1263 3975 1366 4025 mutatis
1384 3977 1420 4027 sic

188 4069 319 4133 opinamur
334 4070 467 4134 legendum
484 4086 552 4119 csse:
571 4071 612 4119 καὶ
629 4071 679 4131 μὴν
700 4073 766 4119 κατὰ
790 4071 834 4119 τοῦ
852 4071 957 4133 ἀπείρου
979 4071 1011 4126 ὡς
1031 4071 1219 4133 μὲνάνωτάτω
1239 4072 1254 4131 ἢ
1278 4073 1419 4122 κατωτάτω

187 4169 217 4216 ob
247 4165 283 4215 δεῖ
303 4170 454 4232 κατηγορεῖν
475 4170 503 4218 τὸ
528 4167 613 4226 άνωῆ
635 4167 703 4215 κάτω
740 4166 780 4231 (de
805 4164 904 4214 infinito
930 4163 1065 4228 praedicari
1091 4169 1172 4229 potest
1186 4165 1213 4214 in
1230 4182 1258 4216 ec
1275 4182 1327 4216 esse
1344 4183 1421 4231 supra

188 4263 214 4308 ct
235 4258 318 4318 infra,
335 4275 385 4309 non
402 4264 487 4308 tamen
503 4274 647 4323 supremum
664 4264 689 4308 et
705 4254 828 4316 infimum)
847 4272 852 4283 ·
868 4261 940 4321 ἴομεν
961 4277 1000 4308 τοι
1022 4263 1051 4310 τὸ
1071 4258 1136 4323 ὑπὲρ
1156 4262 1277 4324 κεφαλῆς,
1298 4262 1360 4311 ὅθεν
1386 4263 1420 4312 ἂν

189 4360 295 4419 στῶμεν,
316 4356 350 4413 εἰς
372 4355 479 4418 ἄπειρον
491 4355 563 4421 ἄγειν
584 4357 653 4412 ἄνω,
675 4354 736 4417 μηδὲ
753 4372 815 4404 ποτε
830 4356 964 4419 φανεῖσθαι
976 4359 1005 4406 τὸ
1027 4357 1150 4405 ἀνωτάτω
1163 4356 1230 4417 ἡμῖν,
1243 4355 1302 4420 μηδὲ
1312 4357 1421 4417 νοητέον

189 4451 218 4499 rb
237 4448 358 4500 ὑποκάτω
380 4451 425 4499 τοῦ
446 4450 586 4510 νοηθέντος
605 4450 639 4508 εἰς
659 4452 765 4512 ἄπειρον
787 4451 839 4512 ἅμα
858 4451 911 4499 ἄνω
932 4469 957 4499 τε
979 4453 1043 4500 εἶναι
1063 4454 1105 4499 καὶ
1125 4453 1193 4500 κάτω
1217 4456 1281 4515 πρὸςΙ
1294 4456 1323 4504 τὸ
1336 4453 1418 4503 αὐτό·

188 4547 264 4596 τοῦτο
283 4546 332 4611 γὰρ
363 4543 495 4594 ἀδύνατον
520 4543 689 4604 διανοηθῆναι
715 4542 805 4608 (priore
830 4548 901 4606 parte
923 4543 1001 4607 igitur
1025 4544 1086 4594 dicit
1111 4561 1256 4608 supremum
1283 4562 1417 4608 sonasse,

192 4641 257 4705 quod
273 4639 340 4690 idem
356 4641 386 4690 de
402 4639 488 4689 infimo
504 4638 587 4688 valet:
607 4639 684 4688 altera
700 4655 767 4700 vcro,
787 4640 854 4706 quod
870 4639 936 4690 infra
952 4643 984 4690 sit
1000 4657 1051 4692 non
1067 4641 1142 4691 simul
1158 4641 1208 4691 dici
1224 4658 1295 4706 pesse
1306 4647 1337 4694 et,
1344 4658 1420 4708 supra
