3196 5160
184 470 337 537 Ovidius:
386 469 556 553 ,Oermino
589 468 732 534 sublimis
753 474 829 534 tunc
860 475 933 534 sunt
962 470 1105 556 peritura
1125 470 1276 554 Lucreti,
1306 469 1406 534 exitio

183 595 284 655 terras
316 610 389 654 oum
423 587 511 652 debit
533 608 598 650 uno
620 586 709 650 dies'’
721 591 742 664 ¹)
778 592 811 651 et
837 586 1018 672 Vergilius,
1042 588 1132 652 cuius
1154 588 1304 652 iudicium
1330 588 1406 653 setis

183 711 317 793 apparet
339 726 356 770 e
378 703 583 768 multitudine
605 704 747 768 locorum
769 703 809 768 ab
832 725 868 768 eo
892 710 1020 789 epoete
1036 711 1143 769 nostro
1161 711 1358 791 sumptorum
1370 711 1404 783 ²).

183 823 253 887 Etsi
275 823 309 887 in
331 822 474 887 confesso
496 826 545 886 est
565 821 682 887 multas
703 841 898 908 magnosque
919 828 1028 907 partes
1050 822 1235 887 Lucretioni
1258 822 1406 886 carminis

182 941 350 1026 languidos
383 961 451 1004 esse
484 946 516 1003 et
538 939 604 1003 fere
625 959 737 1024 prosae
760 940 894 1003 crationi
917 940 1054 1023 similes,
1089 946 1197 1004 tamen
1219 940 1335 1004 mirum
1358 946 1406 1003 est

184 1057 389 1123 eruditissimi
422 1062 454 1121 et
489 1056 643 1121 bonorum
672 1054 789 1119 ortium
821 1055 1006 1143 peritissimi
1029 1056 1189 1141 Lessingii
1211 1056 1406 1120 iudiciume

183 1181 361 1240 ceterorum
383 1175 429 1238 ita
450 1172 650 1258 discrepare,
673 1178 709 1236 ut
731 1172 811 1237 haec
834 1173 932 1238 verbe
955 1173 1136 1259 scripserit:
1176 1175 1317 1256 ,Lucrez
1340 1173 1406 1238 und

183 1293 287 1358 seinse
310 1290 466 1357 Gleichen
487 1289 558 1355 sind
579 1289 793 1355 Versmechcr
814 1290 890 1354 eber
912 1290 1006 1354 keine
1030 1289 1173 1354 Dichter.
1208 1289 1265 1355 ich
1288 1291 1405 1375 leugue

182 1409 291 1493 nicht,
325 1409 397 1475 dees
428 1430 503 1472 man
536 1408 589 1472 ein
622 1407 749 1493 System
770 1408 805 1471 in
827 1408 879 1471 ein
903 1408 1138 1491 Silbenmeass,
1172 1408 1247 1472 oder
1269 1407 1351 1473 cuch
1373 1409 1406 1472 in

183 1528 298 1592 Reime
330 1527 465 1611 bringen
494 1525 621 1608 kdnne,
655 1524 791 1590 eundern
824 1523 876 1588 ich
908 1525 1025 1609 leugne
1059 1525 1130 1589 dass
1162 1525 1264 1590 dieses
1297 1526 1330 1589 in
1353 1526 1406 1589 ein

184 1669 321 1720 Stoicorum
345 1673 372 1718 et
393 1666 595 1717 Academicorum
619 1671 674 1716 tum
698 1665 725 1715 in
744 1665 921 1729 Epicureorum
937 1666 1054 1727 familiis,
1081 1683 1143 1732 qnae
1160 1666 1250 1732 cuique
1265 1666 1319 1717 viro
1335 1667 1407 1717 docto

182 1769 264 1814 essent
285 1768 345 1812 note
365 1767 390 1812 et
413 1761 567 1825 pervulgate.
601 1761 640 1810 De
657 1759 765 1823 Epicuro
782 1759 914 1810 Lueretius
931 1758 1013 1809 dixit:
1047 1762 1147 1826 „Atque
1171 1776 1242 1811 omne
1258 1760 1406 1810 immensum

181 1859 323 1923 peragravit
346 1861 429 1906 mente
445 1855 591 1921 animoque''
620 1856 662 1919 (Ι,
687 1856 745 1920 74),
780 1855 866 1906 Cicero
882 1859 982 1905 eutem:
1009 1856 1069 1920 „qui
1085 1855 1196 1906 infinitas
1212 1856 1339 1920 regiones,
1358 1871 1408 1921 qua
1479 1852 1481 1856 ’

181 1952 251 2002 nulla
275 1957 340 2002 esset
363 1949 521 2013 extremitas,
547 1957 628 2001 mente
654 1950 847 2014 peregravieset3
876 1949 916 2016 (de
940 1949 995 1999 Fin.
1022 1950 1068 2011 ΙΙ,
1087 1951 1145 2015 31);
1170 1949 1301 2000 Lucretius
1324 1950 1404 2000 dixit:

181 2049 263 2110 „Nem
290 2047 340 2098 iam
361 2063 433 2111 saepe
458 2046 569 2098 homines
593 2046 698 2110 patriam
725 2062 842 2112 ceresque
865 2051 979 2110 parentes
995 2046 1167 2109 prodiderunt,
1184 2044 1264 2095 vitare
1280 2045 1407 2095 acherusia

181 2142 273 2209 temple
297 2144 425 2208 petentes''
445 2143 503 2203 III,
524 2145 572 2204 86,
594 2142 680 2192 Cicero
696 2147 795 2192 eutem:
813 2141 920 2203 „Mortis
936 2145 1023 2190 metu.
1037 2175 1083 2190 ...
1100 2140 1173 2190 multi
1188 2145 1316 2204 ponentes,
1334 2139 1408 2190 multi

182 2238 288 2299 amieos,
313 2236 429 2288 nonnulli
453 2236 557 2301 patriam
574 2237 733 2300 perdiderunt
742 2237 766 2296 ,''
786 2237 828 2300 (de
846 2235 902 2286 Fin.
921 2235 948 2296 Ι,
969 2239 1015 2296 16).
1050 2236 1114 2297 Sed,
1129 2251 1161 2285 ne
1176 2235 1248 2299 pluro
1263 2235 1406 2295 laudemus,
1462 2232 1465 2237 ’

181 2333 209 2384 1ιί
233 2333 282 2384 loci
297 2349 347 2383 non
363 2338 415 2382 tem
432 2336 490 2382 sunt
506 2337 686 2396 congruentes,
715 2330 776 2396 quin
793 2330 911 2395 explicari
927 2330 1023 2395 possint
1040 2347 1054 2381 e
1071 2330 1195 2381 communi
1211 2329 1314 2393 Epicuri
1330 2329 1407 2393 scrip-

181 2437 328 2480 torumusu.
363 2427 464 2477 Martha
479 2441 551 2490 porro
568 2425 669 2475 laudet:
704 2425 793 2486 „Viam
809 2425 974 2476 monstravit’
998 2425 1061 2486 (VI,
1080 2427 1129 2485 27).
1164 2426 1273 2486 „Omnes
1289 2430 1409 2475 monstret

182 2523 251 2575 ries”
280 2523 321 2588 (de
346 2521 403 2573 Fin.
427 2521 457 2583 1,
483 2524 538 2581 14);
563 2519 647 2582 „Oura
670 2525 763 2571 semote
787 2521 920 2585 metuque'’
940 2520 986 2581 11,
1014 2523 1060 2582 19,
1078 2520 1130 2580 „Ut
1146 2519 1199 2570 sine
1216 2535 1275 2570 cure
1291 2526 1408 2585 metuque

182 2618 312 2669 vivemus”
333 2616 373 2683 (de
392 2615 448 2666 Fin.
468 2616 498 2676 Ι,
518 2615 566 2679 15).
601 2614 650 2664 Sed
667 2614 722 2680 quis
739 2631 789 2665 non
805 2614 877 2666 videt
890 2614 979 2665 horum
995 2614 1104 2665 locorum
1120 2630 1222 2679 parvam
1238 2620 1264 2665 et
1279 2613 1407 2664 fortuitam

182 2712 369 2764 similitudinem
385 2727 436 2762 non
451 2726 522 2775 posse
538 2710 640 2774 probare
658 2708 800 2760 Ciceronem
818 2726 859 2760 eos
875 2726 889 2760 e
906 2710 1016 2761 Lucretii
1033 2710 1183 2760 carminibus
1199 2709 1331 2760 hausisse?

214 2806 286 2856 Nihil
302 2811 356 2867 est,
382 2806 447 2870 quod
463 2803 534 2855 nobis
550 2805 696 2868 persuadet,
715 2803 861 2855 Ciceronem
877 2802 989 2854 Lucretii
1005 2820 1066 2868 opus
1084 2809 1198 2855 accurate
1213 2803 1310 2868 legisse.
1335 2804 1407 2862 Quod

182 2901 256 2953 siite
271 2905 324 2963 est,
342 2900 385 2950 ille
402 2899 502 2962 Cicero,
529 2915 604 2965 quem
621 2897 807 2964 Hieronymus,
825 2915 839 2949 e
856 2898 975 2950 Suetonio
990 2901 1110 2962 fumasse,
1127 2899 1226 2950 nomine
1242 2899 1351 2962 indicet,
1369 2905 1408 2950 est

183 2998 291 3056 Quintus
312 2997 404 3058 freter:
428 2996 494 3061 quod
510 2994 603 3059 optime
620 2993 736 3045 convenit
752 3009 808 3044 cum
825 2993 944 3058 epistolae
960 2995 1042 3046 verbis
1059 3011 1133 3060 supro
1148 2994 1263 3046 laudetis.
1298 2995 1407 3054 Quintus

181 3092 249 3157 prior
272 3090 371 3155 scripsit
394 3090 493 3152 Marco,
521 3091 575 3140 eius
598 3089 719 3139 iudicium
742 3105 862 3154 quaerens
890 3091 920 3142 de
944 3089 1058 3140 Lucretii
1080 3090 1246 3153 carminibus,
1282 3091 1407 3156 cumipse

183 3188 324 3253 opinaretur
340 3203 369 3237 ea
384 3186 468 3252 magni
483 3191 570 3250 poetae
584 3186 684 3251 ingenio
701 3185 777 3251 digna
793 3201 853 3236 esse.
880 3186 988 3247 Marcus,
1006 3186 1050 3252 qui
1067 3187 1184 3238 extremis
1200 3192 1299 3238 tantum
1314 3186 1405 3248 labris,

181 3287 210 3332 ut
226 3281 262 3332 ita
278 3281 372 3342 dicam,
389 3296 419 3330 eo
435 3285 595 3345 gustaverat,
613 3286 638 3330 et
655 3296 712 3331 mox
730 3279 827 3330 viderat
841 3296 934 3330 nexum
951 3281 1059 3345 pestium
1076 3281 1103 3330 in
1119 3281 1166 3332 hoc
1178 3297 1249 3345 opere
1264 3281 1407 3332 debiliorem

181 3392 234 3429 esse
257 3382 283 3426 et
298 3376 401 3437 luxum,
431 3377 454 3426 ei
470 3377 600 3440 respondet
616 3375 702 3440 peucis
718 3376 816 3427 verbis:
843 3377 969 3438 „Lucretii
985 3382 1113 3441 poemate,
1131 3383 1160 3427 ut
1176 3376 1263 3427 scribis
1279 3376 1315 3426 ita
1331 3381 1405 3426 sunt:

182 3471 268 3522 multis
292 3469 429 3521 luminibus
450 3471 558 3536 ingenii,
585 3487 635 3522 non
652 3472 744 3522 multae
761 3478 845 3523 temen
861 3472 947 3523 artis.''
981 3474 1006 3523 N
1008 3490 1048 3523 em
1064 3474 1143 3524 multa
1158 3473 1253 3538 ingenii
1269 3473 1364 3522 lumine
1379 3473 1407 3522 in

181 3565 213 3617 iis
230 3583 299 3628 esse,
317 3567 377 3616 satis
393 3566 539 3631 apparebat:
570 3571 650 3617 totum
666 3583 728 3631 opus
744 3573 846 3630 temen,
863 3567 984 3632 imprimis
1001 3568 1129 3619 collocatio
1145 3569 1198 3619 sive
1214 3568 1341 3634 dispositio
1357 3586 1407 3620 non

182 3661 302 3730 eiusmodi
329 3667 399 3712 erent
418 3661 445 3711 in
462 3677 533 3726 opere
549 3663 659 3713 nondum
675 3663 801 3726 perfecto,
820 3679 883 3728 quoe
900 3663 1025 3715 Ciceronis
1041 3662 1177 3729 praeceptis
1194 3664 1334 3715 satisfecere
1350 3681 1406 3729 pcs·

185 3762 251 3807 sent:
269 3756 337 3807 etin
353 3756 384 3806 iis
399 3756 536 3821 praeceptis
552 3762 635 3806 temen
652 3757 809 3808 observandis
826 3774 882 3808 cum
899 3760 1004 3808 maxime
1020 3765 1097 3809 ortem
1114 3759 1204 3822 posuit.
1232 3759 1403 3824 Wesenbergii

182 3849 326 3901 lectionem:
355 3851 457 3913 „multis
473 3850 610 3901 luminibus
627 3851 737 3915 ingenii,
760 3853 853 3904 multae
870 3853 944 3904 etiem
962 3854 1055 3914 artis'',
1079 3854 1182 3917 probare
1199 3869 1249 3903 uon
1267 3870 1405 3918 possumus.

183 3945 223 3995 Ex
241 3946 364 3997 Ciceronis
379 3951 461 3997 mente
477 3947 557 3997 multe
573 3963 613 3997 ers
630 3948 741 3998 Lucretii
758 3949 909 3999 carminibus
924 3949 1002 4000 tribui
1017 3965 1068 3999 non
1084 3953 1172 4013 potest.

218 4039 238 4102 ι)
271 4039 545 4103 Amor.‚1‚1o,2s.

215 4133 233 4194 ²)
269 4134 383 4195 Gellius,
401 4135 431 4196 I,
450 4139 496 4186 21:
531 4137 612 4198 „Non
629 4137 705 4187 verbo
721 4143 804 4188 autem
817 4139 868 4189 sola
880 4141 922 4189 sed
937 4156 1023 4190 versus
1034 4156 1109 4204 prope
1119 4144 1184 4190 totos
1195 4144 1220 4190 et
1230 4140 1297 4190 locos
1309 4156 1406 4205 quoque

182 4228 292 4280 Lucretii
319 4228 438 4292 plurimos
462 4237 582 4282 sectatum
606 4247 659 4282 esse
679 4231 817 4297 Vergilium
842 4233 980 4284 videmus.’'
1016 4234 1054 4284 cf.
1081 4234 1182 4285 Munroi
1197 4233 1346 4295 editionem,
1363 4235 1407 4300 qui

182 4324 273 4375 multos
290 4324 361 4374 effert
377 4323 496 4375 eiusmodi
513 4326 578 4377 locos
596 4329 627 4377 ed
644 4327 706 4391 III,
724 4331 779 4378 461.
814 4329 941 4394 Imprimis
957 4335 1040 4381 autem
1059 4332 1220 4382 conferendus
1237 4339 1275 4382 est
1286 4330 1407 4382 Macrobii

183 4419 373 4470 setumeliorum
396 4419 460 4469 liber
479 4420 534 4482 VI,
558 4422 602 4472 ubi
618 4422 730 4474 invenies
751 4431 879 4475 sexcentos
894 4426 977 4488 locos,
995 4430 1024 4476 ut
1039 4425 1075 4476 ita
1092 4425 1186 4487 dicem,
1204 4444 1265 4493 quos
1281 4427 1406 4492 Vergilius

182 4520 281 4566 secutus
308 4519 353 4566 est.
387 4514 528 4567 Ludovicus
552 4517 629 4568 Ianus
653 4523 736 4569 eutem
760 4518 788 4570 in
802 4520 868 4571 notis
892 4521 958 4573 locos
983 4521 1137 4588 Vergilianos
1160 4522 1296 4587 adscripsit.
1330 4524 1407 4575 Hunc

182 4611 275 4666 iontem
293 4612 413 4667 nameus
429 4627 479 4664 non
496 4619 629 4680 memoret,
646 4614 674 4670 ui
689 4615 770 4670 fallor.
