3196 5160
772 308 834 368 115

189 511 337 590 poterant
361 506 524 571 subsidere
548 530 626 571 saxa
647 530 706 572 nec
729 510 848 593 pariter
872 509 1061 574 tantundem
1084 530 1193 574 omnes
1209 511 1415 576 succumbere

264 625 333 660 ην]

189 631 288 708 partrs
335 629 354 706 ).
400 625 514 710 Itaque
539 625 713 689 secundum
730 627 895 709 gravitatis
911 628 1067 690 rationem
1082 633 1189 710 terra,
1212 649 1316 711 mare,
1341 649 1414 711 aer,

189 742 300 806 aether
323 749 470 828 separata
493 750 588 826 sunt3
620 743 733 807 aether
756 750 863 807 autern
887 745 1059 808 altissimus
1081 767 1177 830 supra
1199 747 1305 810 emnia
1327 747 1414 828 fluit,

189 878 253 920 unc
283 864 432 943 certeque
464 865 554 922 aestu
578 861 650 944 (quc
674 860 767 922 simul
791 860 896 923 sidera
919 861 1142 946 corripiuntur)
1166 883 1291 947 semper
1313 863 1415 926 fluens

188 993 293 1059 neque
317 975 463 1038 turbatus
486 976 567 1038 acris
590 977 737 1060 procellis
749 976 781 1059 2).

232 1092 424 1156 Plutarchus
458 1094 548 1156 nubis
579 1093 671 1157 offert
703 1095 807 1157 locum
841 1093 916 1157 huic
948 1094 1144 1157 simillimum
1157 1097 1190 1177 3).
1236 1093 1273 1160 Ὀ
1304 1100 1415 1161 τοίνυν

189 1211 309 1290 κόσμος
340 1214 472 1285 συνέστη
507 1210 774 1296 περικεκλασμένῳ
806 1215 943 1296 σχήματι
974 1215 1241 1296 ἐσχηματισμένος
1265 1214 1321 1277 τὸν
1344 1215 1416 1298 τρό-

189 1353 252 1389 πον
275 1331 391 1389 τοῦτον
415 1373 421 1388 .
446 1330 509 1390 τῶν
534 1326 661 1408 ἀτόμων
683 1333 839 1407 σωμάτων
863 1328 1066 1410 ἀπρονόητον
1090 1332 1138 1392 καὶ
1162 1331 1297 1413 τυχαίαν
1324 1330 1416 1414 ἐχόν-

188 1471 253 1506 των
276 1444 333 1517 πὴν
357 1447 496 1520 κίνησιν,
521 1450 665 1529 συνεχῶς
690 1473 721 1508 τε
745 1448 791 1509 καὶ
817 1446 950 1529 τάχιστα
974 1447 1164 1525 κινουμένων
1188 1448 1232 1520 εἷς
1258 1447 1294 1509 τὸ
1319 1447 1416 1524 αὐτὸ,

188 1557 298 1623 πολλὰ
335 1560 460 1641 σώματα
492 1565 732 1645 συνηθροίσθη,
767 1565 814 1625 καὶ
847 1559 895 1626 διὰ
928 1570 1022 1625 τοῦτο
1046 1561 1206 1627 ποικιλίαν
1226 1561 1344 1647 έχοντα
1369 1567 1417 1627 καὶ

189 1677 360 1761 σχημάτων
391 1681 438 1740 καὶ
462 1682 625 1762 μεγεθῶν.
651 1677 886 1763 ἀθροιζομένων
911 1675 974 1743 δ’ἐν
1005 1681 1262 1763 ταυτφτούτωυ,
1289 1680 1416 1762 τὰμὲν,

189 1797 250 1858 ὅσα
272 1794 400 1873 μείζονα
424 1798 480 1873 ἦν,
515 1800 563 1860 καὶ
587 1793 772 1879 βαρύτατα,
805 1797 933 1870 πάντως
956 1796 1159 1870 ὑπεκάθιζεν·
1186 1799 1247 1861 ὅσα
1270 1794 1301 1862 δὲ
1324 1798 1416 1881 μικρὰ

189 1917 238 1977 καὶ
273 1923 418 1997 περιφερῆ
454 1917 501 1976 καὶ
538 1911 607 1976 λεῖα
643 1917 690 1976 καὶ
724 1912 899 1988 εὐόλισθα,
933 1919 1030 1976 ταῦτα
1059 1918 1107 1978 καὶ
1132 1911 1317 1998 ἐξεθλίβετο
1341 1917 1417 1979 κατὰ

188 2032 247 2105 τὴν
273 2035 337 2095 τῶν
361 2034 516 2123 σωμάτων
541 2029 703 2109 σύνοδον,
740 2031 783 2110 ε’ίς
806 2060 837 2095 τε
860 2032 896 2095 τὸ
919 2034 1074 2115 μετέωρον
1097 2032 1287 2116 ἀνεφέρετο.
1324 2032 1367 2106 ὡς
1391 2030 1418 2096 δ’

189 2146 249 2212 οὖν
280 2146 398 2221 ἐξέλιπε
429 2153 485 2229 μὲν
510 2151 528 2223 ἡ
553 2147 706 2223 πληκτικὴ
732 2146 861 2228 δύναμις
885 2147 1114 2232 μετεωρίζουσα
1124 2196 1132 2223 ,
1168 2150 1268 2214 οὐκέτι
1292 2147 1318 2214 δ’
1342 2154 1419 2234 ἦγεν

189 2267 209 2340 ἡ
244 2265 353 2351 πληγὴ
386 2267 469 2349 πρὸς
498 2267 534 2330 τὸ
562 2269 733 2348 μετέωρον,
764 2264 915 2329 ἐκωλύετο
952 2262 982 2329 δὲ
1017 2271 1113 2329 ταῦτα
1146 2263 1228 2330 κόπω
1252 2269 1417 2352 φέρεσθαι,

189 2382 323 2456 ἐπιέζετο
356 2384 440 2466 πρὸς
474 2385 548 2460 τοὺς
579 2383 699 2459 τόπους
734 2385 808 2460 τοὺς
844 2379 1036 2462 δυναμένους
1068 2379 1238 2456 δέξασθαι·
1274 2383 1361 2448 οὗτοι
1391 2381 1418 2449 δ’

189 2505 272 2576 ἦσαν
306 2503 336 2564 οἱ
366 2497 478 2584 πέριξ,
513 2504 559 2563 καὶ
595 2500 677 2582 πρὸς
700 2501 824 2572 τούτοις
848 2501 884 2563 τὸ
907 2498 1035 2574 πλῆθος
1057 2504 1121 2564 τῶν
1145 2498 1299 2583 σωμάτων
1321 2529 1418 2584 περιε-

190 2618 306 2698 κλᾶτο,
340 2616 586 2701 περιπλεκόμενα
619 2613 645 2680 θ’
670 2615 830 2695 ἀλλήλοις
858 2617 932 2681 κατὰ
956 2618 1015 2692 τὴν
1036 2616 1222 2701 περίκλασιν
1243 2619 1300 2681 τὸν
1324 2618 1419 2701 οὐρα·

191 2735 250 2800 νὸν
273 2737 463 2822 ἐγέννησαν,
498 2745 553 2808 τῆς
577 2730 604 2798 δ’
628 2734 723 2808 αὐτῆς
751 2735 897 2820 ἐχόμεναι
921 2737 1045 2819 φύσεως
1069 2738 1099 2798 αἶ
1123 2734 1232 2817 άτομοι
1246 2784 1255 2812 ,
1278 2736 1419 2800 ποικίλαι

190 2850 284 2917 οὖσαι
319 2851 435 2933 (καθὼς
467 2851 615 2934 ε’ίρηται),
638 2851 721 2934 πρὸς
744 2851 780 2914 τὸ
811 2852 965 2934 μετέωρον
994 2847 1225 2931 ἐξωθούμεναι,
1263 2855 1321 2927 τὴν
1353 2856 1419 2917 τῶν

191 2969 331 3053 ἀστέρων
362 2971 455 3053 φύσιν
487 2966 681 3031 ἀπετέλουν.
716 2967 753 3030 τὰ
778 2963 808 3030 δὲ
832 2965 960 3040 πλῆθος
984 2970 1047 3030 τῶν
1071 2965 1336 3050 ἀναθυμιωμένων
1360 2997 1420 3033 σω·

191 3084 296 3168 μάτων
320 3084 450 3159 έπληττε
473 3085 530 3149 τὸν
553 3085 649 3167 ἀέρα,
684 3088 732 3148 καὶ
755 3089 870 3147 τοῦτον
894 3079 1040 3166 ἐξέθλιβε
1061 3102 1068 3115 ·
1093 3087 1364 3167 πνευματούμενος
1388 3082 1420 3150 δὲ

192 3204 287 3278 οὗτος
318 3203 393 3267 κατὰ
424 3203 481 3276 τὴν
515 3204 653 3276 κίνησιν,
689 3203 736 3263 καὶ
770 3197 1083 3284 συμπεριλαμβάνων
1114 3202 1152 3265 τὰ
1184 3200 1307 3285 άστρα,
1344 3230 1420 3283 συμ-

192 3332 317 3405 περιῆγε
350 3325 466 3395 ταῐιτα,
501 3324 548 3382 καὶ
573 3320 630 3393 τὴν
658 3324 714 3382 νῦν
738 3318 913 3402 περιφορὰν
937 3317 1040 3382 αὐτῶν
1063 3321 1218 3402 μετέωρον
1251 3319 1420 3404 ἐφύλαττε.

195 3441 318 3504 κᾶπειτα
352 3444 383 3502 ἐκ
415 3442 470 3517 μὲν
502 3441 566 3500 τῶν
602 3434 863 3509 ὑποκαθιζόντων
897 3438 1051 3519 ἐγεννήθη
1085 3437 1104 3509 ἡ
1135 3445 1207 3520 γῆ·
1243 3438 1274 3500 ἐκ
1302 3433 1333 3501 δὲ
1356 3441 1421 3502 τῶν
1493 3474 1495 3477 ·

194 3555 460 3638 μετεωριζομένων
484 3554 645 3638 οὐρανός,
678 3559 764 3637 πῦρ,
800 3551 889 3637 άὴρ·
924 3551 1052 3627 πολλῆς
1083 3549 1114 3617 δε
1144 3551 1225 3627 ύλης
1248 3552 1288 3617 ἐτι
1312 3581 1422 3638 περιει-

194 3672 351 3754 λημμένης
386 3674 417 3736 ἐν
447 3676 485 3756 τη]
520 3675 578 3755 γῇ,
612 3671 827 3750 πυκνουμένης
858 3696 889 3732 τε
924 3670 1035 3743 ταύτης
1069 3669 1144 3732 κατὰ
1178 3670 1235 3742 τὰς
1270 3670 1333 3734 ἀπὸ
1356 3674 1422 3735 τῶν

191 3786 377 3868 πνευμάτων
410 3786 540 3870 πληγὰς
575 3790 622 3849 καὶ
657 3785 715 3858 τὰς
749 3785 811 3849 ἀπὸ
843 3788 908 3847 τῶν
931 3785 1071 3866 ἀστέρων
1096 3781 1216 3868 σύρας,
1247 3786 1422 3870 προσεθλί-

184 3905 272 3989 βετο
295 3909 357 3978 πάις
382 3908 399 3969 ὁ
423 3904 610 3988 μικρομερὴς
635 3902 855 3985 σχηματισμὸς
878 3904 1008 3976 ταύτης,
1046 3906 1094 3964 καὶ
1117 3903 1175 3976 τὴν
1199 3903 1301 3987 ὑγρὰν
1325 3905 1421 3987 φύσιν

185 4025 323 4110 ἐγέννα,
345 4020 514 4107 ῥευστικῶς
539 4018 570 4085 δε
595 4020 670 4094 ούτη
695 4016 862 4099 διακειμένη
887 4022 1065 4104 κατεφέρετο
1089 4020 1172 4103 πρὸς
1194 4022 1269 4098 τοὺς
1290 4019 1422 4095 κοίλους

176 4142 314 4214 τόπους
349 4142 397 4202 καὶ
434 4135 626 4217 δυναμένους
662 4144 802 4220 χωρῆσαι
836 4164 867 4200 τε
899 4141 946 4200 καὶ
982 4134 1102 4214 στέξαι,
1139 4135 1158 4210 ἢ
1193 4134 1263 4200 καθ’
1285 4138 1361 4202 αὑτὸ
1384 4140 1421 4203 τὸ

167 4349 390 4361 w

231 4488 247 4555 η
282 4489 325 4539 Vs.
343 4490 464 4538 rso-94.

231 4581 247 4641 ²)
280 4582 325 4632 Vs.
343 4584 479 4631 496-508.

227 4675 246 4738 3)
281 4677 348 4728 ΡΙαα.
366 4676 427 4741 phil.
445 4677 467 4726 Ι.
486 4692 538 4743 cap.
557 4675 602 4726 IV.
