3196 5160
757 265 796 327 31

162 472 412 552 componentes,
436 469 596 551 σπέρματα
618 465 672 529 rel
699 471 844 553 χρήματα
866 466 1039 531 vocaverit.
1064 466 1111 532 Ta*
1135 465 1301 553 ὁμοιομερῆ
1313 488 1391 530 non·

162 583 238 648 dum
272 583 358 669 apud
388 584 558 648 Platonem
588 583 773 647 invenitur:
801 584 842 648 ab
864 583 1041 647 Aristotele
1064 584 1166 669 primo
1188 589 1237 647 est
1259 605 1391 669 usurpa·

161 706 252 764 tum:
288 703 307 777 ἡ
343 706 537 788 ὁμοιομέρεια
571 707 603 763 et
638 704 668 765 αἶ
704 704 909 786 ὁμοιομέρειαι
943 699 1028 784 apud
1050 700 1242 785 posteriores
1265 705 1391 765 tantum

160 818 365 904 reperiuntur
382 819 561 903 scriptores.
587 855 627 863 —
652 817 717 881 Sed
738 818 771 880 in
794 838 829 880 re
852 823 918 880 tam
935 816 1089 899 obscura,
1113 816 1241 881 difficile
1257 822 1305 881 est
1320 838 1393 902 pro·,

160 935 259 1020 bare,
293 934 369 1022 quid
399 957 512 999 verum
546 935 597 999 sit.
643 935 715 999 Hoc
750 940 860 998 autem
883 955 940 997 nos
963 934 1138 998 ostendisse
1173 935 1199 998 si
1222 935 1390 1017 ridemur,

161 1054 242 1118 nihil
273 1075 364 1137 esse,
389 1055 473 1140 quod
504 1060 618 1139 cogat,
652 1059 689 1117 ut
712 1058 889 1117 statuamus
912 1058 1039 1138 poetam
1063 1052 1266 1117 Clazomenio
1288 1052 1391 1139 philo·

161 1171 262 1257 sopho
284 1173 346 1258 ipsi
370 1143 546 1254 studuisse,
571 1171 627 1234 sed
650 1178 760 1235 contra
775 1170 949 1234 verisimile
965 1191 1052 1252 esse,
1074 1191 1165 1254 eum,
1182 1192 1263 1257 quae
1280 1192 1322 1234 ex
1336 1172 1391 1235 illo

160 1290 282 1375 profert
303 1311 345 1354 ex
368 1290 480 1354 eodem
502 1290 606 1373 fonte,
631 1311 692 1375 quo
716 1295 840 1372 cetera,
863 1288 1028 1372 hausisse,
1052 1289 1116 1354 iam
1131 1290 1208 1354 satis
1224 1290 1294 1354 erit.
1319 1289 1392 1354 Hoc

161 1411 287 1470 tantum
316 1407 447 1492 insuper
469 1406 777 1487 animadvertamus,
801 1406 957 1490 primum,
985 1407 1172 1470 Lucretium
1196 1407 1264 1491 (per
1285 1407 1391 1470 iocum

160 1529 199 1586 ut
231 1524 323 1588 nobis
358 1524 499 1607 videtur)
535 1524 667 1587 minime
701 1529 788 1586 recte
827 1529 940 1608 putare
976 1523 1206 1608 Anaxagoram
1248 1523 1391 1588 docuisse

164 1660 254 1720 „ossa
290 1660 308 1703 e
343 1641 495 1725 pauxillis
529 1647 625 1726 atque
660 1640 792 1703 minutis
823 1640 946 1703 ossibus
976 1646 1009 1704 et
1047 1640 1085 1703 de
1120 1641 1271 1725 pauxillis
1294 1646 1391 1727 atque

159 1756 293 1820 minutis
323 1757 498 1821 visceribus
523 1757 629 1821 viscus
656 1757 765 1841 gigni'’
790 1759 847 1840 (vs.
872 1759 956 1840 835,
992 1760 1046 1841 36)
1072 1758 1156 1843 quod
1179 1757 1391 1842 Anaxagoras

160 1896 225 1939 non
248 1874 376 1959 docuit;
412 1875 526 1939 deinde
550 1896 624 1938 eum
647 1896 753 1938 errare
776 1881 943 1960 putantem
978 1876 1055 1957 (864
1084 1877 1183 1961 seqq.)
1218 1876 1391 1960 Anaxago·

160 2015 230 2057 ram
253 2014 364 2057 omnes
386 2014 438 2056 res
461 2013 676 2079 quascumque
700 2014 718 2056 e
742 1993 791 2056 sui
814 1993 941 2076 generis
959 1993 1075 2057 atomis
1091 2015 1294 2079 componere,
1319 2015 1391 2058 cum

160 2110 336 2175 Aristotele
361 2116 442 2175 teste
466 2110 555 2191 (vide
578 2117 687 2175 notam
711 2113 819 2196 supra)
844 2116 877 2173 et
899 2109 1073 2175 Plutarcho
1097 2111 1188 2196 (plac.
1212 2112 1238 2175 I.
1264 2115 1294 2176 3.
1318 2117 1392 2195 ὁμο-

160 2229 318 2315 λογητέον
352 2232 436 2294 ἐστὶν
470 2233 518 2294 ὅτι
552 2232 584 2294 ἐν
615 2235 653 2315 τῇ
682 2233 786 2314 τροφῇ
807 2233 845 2314 τῇ
867 2232 1107 2315 προσφερομένῃ
1139 2231 1241 2296 πάντα
1266 2236 1329 2296 tori
1354 2230 1392 2296 vd

161 2348 250 2431 ὄντα)
278 2346 438 2429 docuerit,
471 2347 568 2411 etiam
593 2366 756 2428 asseres,
793 2365 874 2430 quae
898 2346 1142 2409 commixtiones
1166 2347 1237 2410 sint
1251 2347 1392 2432 plurium

161 2464 402 2529 elementorum.
448 2465 536 2528 Num
570 2463 650 2528 haec
674 2463 752 2526 vitia
775 2483 817 2526 ex
840 2461 979 2547 Epicuro
1002 2462 1163 2546 hauserit,
1196 2464 1393 2533 dubitamus,

205 2582 295 2656 Quae
328 2603 422 2667 porro
445 2588 555 2647 contra
578 2580 807 2666 Empedoclem
838 2581 964 2665 scripsit
987 2582 1217 2666 praeterimus,
1241 2583 1391 2668 quoniam

160 2699 195 2762 in
217 2699 424 2785 sequentibus
446 2698 535 2762 libris
558 2719 653 2783 saepe
678 2698 898 2784 opportunitas
920 2698 1012 2762 nobis
1035 2699 1163 2762 dabitur
1185 2700 1389 2786 inquirendi,

160 2837 239 2880 num
266 2817 296 2880 ei
319 2814 509 2902 philosopho
532 2822 640 2880 noster
663 2836 720 2879 suo
742 2821 845 2879 marte
868 2836 998 2901 operam
1022 2816 1163 2899 dederit,
1186 2817 1271 2903 quod
1294 2818 1321 2881 si
1343 2819 1389 2882 ita

162 2938 228 3016 est,
251 2934 429 3009 cuiusmodi
452 2935 516 2997 sint
538 2955 619 3020 quae
643 2955 685 2997 ex
707 2934 762 2998 illo
786 2935 966 3020 sumpserit.

205 3051 390 3138 Antequam
413 3052 454 3116 ad
476 3052 594 3116 librum
618 3052 809 3135 secundum,
838 3052 877 3115 de
899 3052 1011 3115 mundi
1034 3072 1076 3116 ex
1099 3053 1213 3116 atomis
1236 3054 1390 3140 composi-

163 3169 249 3233 tione
272 3177 439 3254 agentem,
464 3176 603 3234 transeat
619 3175 729 3255 poeta,
754 3170 832 3234 duas
847 3190 899 3233 res
914 3175 1047 3250 tractat,
1063 3192 1145 3256 quae
1162 3172 1333 3236 transitum
1349 3171 1389 3236 ad

164 3287 330 3372 sequentia
360 3288 575 3351 constituunt:
611 3287 714 3372 primo
738 3288 880 3350 enimse
904 3287 1195 3353 demonstraturum
1220 3310 1289 3354 esse
1313 3289 1390 3353 dicit

164 3408 197 3466 et
229 3404 395 3466 materiem
430 3409 463 3466 et
485 3425 621 3468 vacuum
644 3403 769 3466 infinita
792 3424 861 3466 esse
879 3403 917 3487 ¹);
950 3404 1065 3468 deinde
1087 3407 1312 3469 nonnullorum
1336 3427 1390 3491 op-

162 3527 285 3604 pugnat
307 3519 502 3603 doctrinam,
527 3521 633 3584 omnia
655 3521 689 3583 in
712 3519 854 3583 medium
877 3521 937 3583 niti
960 3521 1152 3584 docentium.
1173 3559 1214 3568 —
1232 3522 1278 3585 Ut
1300 3522 1389 3608 prius

162 3636 243 3699 illud
253 3637 366 3722 probet
378 3638 491 3722 incipit
503 3638 543 3701 ab
555 3637 679 3701 infinito
696 3636 798 3722 spatio
813 3636 965 3701 universi.
993 3637 1114 3718 ,Omne
1128 3638 1212 3723 quod
1227 3644 1275 3702 est
1290 3639 1389 3723 igitur

162 3754 241 3839 (scil.
254 3756 403 3839 spatium)
417 3756 506 3819 nulla
521 3756 651 3839 regione
667 3755 791 3818 viarum
804 3754 929 3817 finitum
943 3753 1012 3818 est”
1031 3756 1086 3836 (vs.
1101 3756 1188 3837 958);
1202 3776 1275 3818 nam
1294 3757 1325 3817 1⁰
1340 3756 1389 3819 sin

161 3871 210 3935 ita
231 3879 336 3954 esset,
361 3872 492 3936 definire
519 3874 555 3938 τὸ
580 3893 672 3936 omne
696 3871 828 3936 deberet
850 3872 937 3936 aliud
961 3871 1138 3958 quoddam,
1175 3873 1258 3958 quod
1280 3879 1387 3937 tamen

161 4009 226 4052 non
249 3995 375 4074 potest,
399 3995 435 4052 ut
450 3990 611 4074 intellegit
628 3991 778 4076 quisque,
803 3989 952 4076 quoniam
967 3995 1095 4074 praeter
1109 4010 1216 4052 rerum
1232 4011 1388 4055 summam

196 4219 252 4269 Hoc
277 4225 361 4270 tamen
388 4226 489 4283 apparet
516 4236 547 4269 ex
574 4224 694 4284 utroque,
711 4221 885 4282 Anaxagoram
902 4217 1044 4271 distinxisse
1060 4233 1099 4267 res
1116 4233 1148 4266 cx
1164 4216 1274 4268 ciusdem
1291 4218 1388 4282 generis

160 4313 251 4364 atomis
274 4314 420 4378 compositas
444 4314 537 4375 abiis,
560 4330 623 4379 quas
643 4331 657 4364 c
679 4313 742 4363 varii
765 4313 861 4377 generis
892 4312 980 4362 atomis
1002 4317 1061 4361 sunt
1080 4317 1163 4362 ortae:
1194 4313 1263 4362 cibus
1280 4313 1388 4377 exempli

160 4406 243 4472 gratia
261 4407 337 4457 huius
353 4407 450 4471 generis
466 4413 518 4468 est,
536 4423 606 4470 ossa,
627 4407 747 4470 capillus,
765 4423 844 4469 vena,
864 4412 921 4456 cett.
940 4410 1000 4454 sunt
1019 4405 1096 4454 illius.

198 4501 216 4564 ¹)
250 4503 317 4552 Plut.
341 4503 404 4567 plac.
432 4504 461 4565 1,
487 4507 518 4565 3,
540 4506 570 4552 28
594 4502 661 4554 εἶναι
682 4503 706 4554 δὲ
730 4511 772 4552 καὶ
798 4505 863 4554 αὐτὸ
881 4503 910 4552 τὸ
928 4505 1001 4553 κενὸν
1018 4507 1142 4565 ἄπειρον,
1166 4503 1208 4551 καὶ
1234 4503 1388 4566 τὰσώματα

159 4600 264 4662 ἄπειρα.
