3196 5160
776 293 817 355 70

181 495 369 581 animaeque
392 500 551 580 potestate
568 492 596 576 ¹).
620 493 768 579 Denique
790 493 817 558 si
839 498 981 558 mentem
1004 492 1103 556 solam
1126 497 1290 578 totamque
1313 511 1356 555 ex
1372 510 1411 554 ea

182 619 296 699 quarta
330 619 421 698 parte
445 619 588 677 constare
611 612 764 676 voluisset
786 617 902 697 poeta,
937 632 1032 696 saepe
1057 610 1276 696 opportunitas
1298 608 1412 672 fuisset

182 728 289 794 oblata
317 729 400 795 hanc
432 728 673 811 „identitatem”
705 729 905 813 exprimendi
929 735 962 792 et
986 728 1113 792 omnino
1136 728 1266 790 brevius
1289 727 1411 812 potuis-

182 851 231 911 set
253 847 360 910 omnia
383 846 554 932 explicare.
600 847 760 910 Malumus
784 867 860 930 ergo
882 847 922 909 iis
944 845 1041 909 fidem
1063 844 1199 927 habere,
1223 845 1278 930 qui
1294 850 1412 929 putant

182 964 328 1028 intimam
361 965 478 1028 mentis
500 969 623 1049 partem
648 985 666 1027 6
689 968 802 1049 666116
823 964 960 1027 nominis
983 963 1109 1048 experti
1131 968 1222 1047 parte
1245 967 1411 1043 constare,

182 1102 255 1145 oum
278 1087 403 1146 ceterae
426 1087 491 1145 tres
513 1082 547 1145 in
569 1081 711 1145 animum
735 1086 767 1144 et
791 1081 929 1145 animam
953 1081 1016 1165 sint
1040 1080 1169 1144 divisae.

224 1198 371 1286 Denique
405 1199 724 1263 animadvertendum
758 1220 826 1263 esse
855 1220 1020 1262 censemus
1051 1197 1238 1262 Lucretium
1261 1218 1326 1260 non
1351 1197 1412 1260 dis-

182 1337 311 1381 cernere
333 1315 499 1380 hominum
522 1322 554 1380 et
580 1317 753 1380 bestiarum
774 1316 933 1398 animum,
958 1315 1043 1401 quod
1058 1314 1187 1401 quidem
1203 1314 1243 1378 ad
1260 1320 1412 1400 quattuor

182 1434 239 1498 illa
272 1434 430 1498 elementa
463 1435 613 1520 pertinet.
659 1431 819 1497 Animam
844 1439 1015 1519 utrumque
1049 1432 1168 1496 habere
1199 1431 1324 1495 ostendi
1347 1453 1412 1495 non

183 1572 262 1636 opus
289 1557 353 1615 est:
378 1557 519 1615 mentem
547 1552 614 1615 sive
638 1551 778 1615 animum
801 1549 911 1614 bestiis
937 1571 1062 1636 quoque
1086 1550 1182 1613 tribui
1205 1549 1316 1613 videre
1335 1548 1412 1612 licet

183 1687 201 1732 6
224 1688 270 1731 vs.
295 1670 379 1751 295,
403 1670 476 1750 299,
500 1667 555 1731 ubi
579 1667 618 1732 de
641 1689 806 1732 cervorum
823 1675 921 1731 mente
937 1689 1040 1731 sermo
1056 1673 1125 1731 est:
1150 1688 1231 1752 quae
1248 1666 1288 1730 de
1304 1667 1412 1730 animo

184 1784 332 1849 dicuntur
378 1806 451 1850 cum
495 1786 529 1849 in
564 1785 709 1851 homines
744 1792 812 1850 tum
850 1787 884 1849 in
921 1786 1039 1850 bestias
1074 1785 1201 1850 cadunt.
1270 1785 1412 1860 Quartae

182 1902 268 1966 illius
294 1902 392 1966 animi
422 1904 528 1988 partis.
544 1903 662 1968 bestias
688 1925 813 1991 quoque
840 1904 1012 1989 participes
1035 1925 1103 1968 esse
1127 1925 1169 1967 ex
1193 1925 1230 1967 60
1253 1903 1413 1989 sequitur,

185 2019 269 2106 quod
292 2020 359 2084 sine
383 2041 421 2084 ea
443 2021 610 2086 sensiferos
633 2028 738 2087 motus
761 2022 861 2085 creari
883 2043 947 2084 non
964 2042 1056 2106 posse
1069 2031 1165 2106 poeta
1181 2022 1258 2085 dicit
1273 2043 1318 2085 vs.
1336 2023 1411 2085 240.

182 2136 282 2201 Nulla
315 2157 391 2221 ergo
424 2143 524 2203 166161
556 2160 647 2224 pars,
676 2160 757 2225 6666
779 2137 945 2202 hominum
968 2139 1009 2202 sit
1031 2139 1168 2224 propria.
1216 2137 1280 2202 Sed
1303 2143 1413 2202 tamen

120 2248 123 2259 '
185 2252 333 2339 quodque
355 2253 474 2317 animal
496 2276 585 2318 suam
607 2253 726 2318 habere
749 2260 895 2318 naturam
920 2254 996 2318 dicit
1019 2261 1136 2341 poeta,
1159 2255 1243 2318 unde
1267 2256 1414 2341 sequitur

184 2370 350 2434 hominum
385 2371 526 2436 animum
560 2371 599 2436 ab
633 2373 818 2437 animalium
853 2371 1008 2436 discerni:
1043 2372 1175 2438 fortasse
1209 2380 1318 2437 tamen
1352 2373 1414 2437 hoc

184 2486 354 2552 discrimen
387 2509 452 2552 non
485 2488 586 2553 maius
621 2495 669 2552 est
702 2510 797 2574 quam
830 2488 915 2552 inter
947 2489 1046 2554 boves
1077 2497 1109 2554 et
1143 2511 1258 2576 equos,
1294 2496 1331 2554 ut
1353 2489 1415 2556 hoo

184 2605 333 2690 exemplo
355 2610 437 2669 utar.
512 2655 514 2658 ,

228 2721 292 2786 Sed
327 2743 373 2785 vs.
410 2724 471 2785 780
505 2728 601 2807 poeta
634 2721 711 2787 dioit
737 2721 882 2787 homines
912 2744 1040 2808 sapere,
1090 2724 1208 2788 bestias
1242 2724 1413 2811 desipere,

187 2838 272 2924 quod
304 2837 390 2902 idem
420 2838 579 2924 Epicurus
602 2838 758 2922 affirmat,
781 2844 898 2925 putans
925 2840 1083 2904 rationem
1118 2863 1274 2927 nusquam
1307 2843 1416 2907 inesse

185 2955 246 3020 nisi
280 2955 314 3019 in
347 2954 485 3020 hominis
507 2956 610 3041 figura
632 2956 709 3038 (Oic.
734 2957 772 3021 de
795 2963 860 3022 1161.
885 2957 970 3021 deor.
998 2960 1059 3040 18,
1083 2960 1146 3041 46).
1193 2959 1289 3023 Ratio
1312 2960 1418 3045 igitur

186 3071 352 3137 hominum
375 3073 415 3136 ab
437 3073 476 3136 iis
500 3069 616 3137 dicitur
638 3073 767 3159 propria
788 3095 867 3138 esse.
914 3075 987 3139 Hoc
1010 3074 1244 3160 Epicureorum
1259 3076 1418 3163 placitum

186 3190 316 3254 sicum
338 3189 378 3252 iis
401 3189 577 3272 confertur,
602 3210 682 3275 quae
705 3212 801 3276 supra
824 3190 980 3274 diximus,
1004 3191 1087 3256 nova
1110 3193 1211 3256 oritur
1234 3193 1416 3259 difficultas.

186 3308 283 3372 Ratio
318 3307 553 3374 6111166116τὸ
587 3308 721 3393 λογικόν
751 3309 785 3371 in
809 3310 913 3373 animo
943 3315 1066 3373 constat
1090 3332 1132 3374 ex
1154 3312 1418 3393 ἀκατονομάστου

186 3427 274 3505 τινὸς
309 3427 488 3502 ποιότητος.
535 3423 598 3488 Sed
633 3425 808 3488 secundum
832 3425 1005 3489 Stobaeum
1028 3426 1187 3511 Epicurus
1209 3426 1292 3490 hano
1316 3430 1419 3492 nomi-

185 3542 235 3606 nis
258 3548 425 3627 expertem
441 3547 565 3626 partem
581 3544 639 3619 τὴν
658 3543 806 3616 αἴσθησιν
823 3546 958 3625 ἐμποιεῖν
978 3542 1055 3606 dicit
1071 3543 1172 3626 (Stob.
1189 3544 1257 3608 Eel.
1274 3567 1306 3630 p.
1325 3547 1419 3630 798),

186 3658 272 3744 quod
305 3659 475 3723 Lucretius
509 3679 634 3745 quoque
667 3660 773 3723 refert.
820 3662 866 3724 At
900 3660 926 3723 si
961 3661 1035 3724 solis
1057 3661 1240 3726 hominibus
1262 3663 1420 3728 tribuitur

189 3781 400 3862 consequatur
422 3796 552 3840 neeesse
576 3782 624 3840 est
647 3777 765 3841 bestias
788 3779 936 3855 αἴσθησιν
959 3799 1023 3842 1106
1043 3778 1183 3862 habere,
1208 3779 1291 3865 quod
1308 3786 1420 3846 tamen

187 3914 281 3957 nemo
319 3892 498 3957 affirmabit.
544 3892 630 3976 Ergo
666 3900 721 3957 aut
755 3896 791 3958 τὸ
822 3894 956 3981 λογικὸν
989 3917 1053 3958 non
1084 3902 1207 3960 constat
1237 3917 1279 3960 ex
1303 3905 1421 3983 quarta

187 4009 242 4072 1116
276 4014 385 4094 parte,
421 4016 477 4073 aut
507 4009 586 4073 11660
621 4032 694 4094 pars
721 4010 793 4095 plus
824 4010 919 4075 efficit
942 4033 1037 4096 quam
1060 4014 1117 4088 τὴν
1141 4013 1307 4096 αἴσθησιν,
1332 4016 1421 4100 quod

187 4125 318 4190 fortasse
341 4125 492 4211 Epicurei
515 4132 654 4189 censent.
691 4127 859 4189 Lueretius
883 4134 990 4190 autem
1013 4148 1076 4190 non
1101 4127 1194 4210 dicit,
1230 4129 1285 4213 qui
1307 4128 1365 4193 fiat
1383 4136 1420 4194 ut

188 4241 332 4306 homines
380 4244 525 4328 sapiant,
566 4243 687 4306 bestiae
730 4243 909 4327 desipiant,
952 4264 1027 4327 ergo
1067 4244 1124 4307 vix
1157 4244 1237 4308 haec
1270 4247 1423 4330 quaestio

189 4359 269 4424 solvi
302 4364 416 4444 potest.
449 4397 490 4406 —
522 4361 606 4426 Satis
628 4361 775 4425 videmur
797 4361 984 4447 exposuisse
1007 4368 1135 4447 poetam
1158 4384 1177 4426 6
1200 4361 1323 4427 Graeco
1348 4364 1424 4450 phi-

143 4668 148 4677 ·
224 4655 243 4718 1)
279 4654 343 4714 116,
360 4653 415 4707 611.
