3196 5160
726 275 764 346 17

133 487 241 571 mina,
276 495 309 552 et
342 493 429 553 tactu
464 488 703 574 percipiuntur,
738 507 814 571 ergo
849 492 944 550 sunt:
973 486 1059 551 uude
1090 488 1179 574 sequi
1208 489 1357 554 videtur:

135 605 232 668 atomi
254 627 318 669 non
341 605 512 688 videntur,
535 612 677 670 attamen
700 605 762 669 1110
786 625 880 668 sensu
902 604 1143 690 percipiuntur,
1167 626 1243 690 ergo
1263 612 1357 689 sunt,

134 721 219 808 quod
252 728 362 808 aperte
385 722 499 786 falsum
524 728 592 804 est,
617 721 767 807 quoniam
790 721 917 784 omnino
941 721 1039 784 atomi
1060 721 1148 785 nullo
1171 742 1266 785 sensu
1287 742 1358 810 per-

135 841 304 926 cipiuntur.
340 879 380 887 —
418 841 554 922 Cetera,
585 861 666 926 quac
701 839 793 903 affert
823 845 938 924 poeta,
971 838 1074 923 magis
1109 845 1183 902 sunt
1205 839 1246 903 ad
1268 860 1357 904 rem:

133 958 179 1022 ibi
213 980 337 1044 quoque
371 959 570 1023 concluditur
605 978 709 1043 neque
744 978 838 1020 sensu
860 956 1057 1041 percipitur,
1080 963 1189 1042 partes
1211 958 1359 1022 minimas

134 1096 204 1140 esse
226 1077 260 1139 in
282 1070 399 1158 rebus,
424 1097 504 1162 quae
527 1097 588 1138 usu
612 1075 842 1138 diminuuntur.

178 1194 295 1258 Contra
338 1192 563 1278 philosophos,
607 1194 660 1279 qui
694 1191 855 1276 negabant
886 1211 921 1254 re
955 1212 1032 1255 vera
1065 1211 1201 1254 vacuum
1236 1212 1305 1256 esse
1323 1190 1359 1275 ¹),

135 1311 303 1375 Lucretius
333 1311 397 1392 ait,
432 1317 560 1396 praeter
593 1317 715 1376 atomos
746 1331 814 1374 esse
838 1331 974 1373 vacuum
997 1309 1031 1372 in
1054 1310 1261 1394 corporibus,
1296 1331 1359 1374 non

132 1429 273 1514 undique
297 1429 429 1514 stipatas
452 1428 621 1492 cohaerere
643 1434 764 1492 atomos
780 1424 813 1511 ²).

180 1545 271 1619 Quod
294 1546 407 1609 sinon
430 1552 530 1627 esset,
570 1547 602 1608 10
623 1546 711 1609 nulla
732 1546 855 1608 ratione
878 1545 1000 1608 moveri
1022 1565 1072 1608 res
1095 1550 1242 1630 possent,
1273 1544 1359 1630 prin·

135 1662 254 1750 cipium
277 1662 425 1747 quoniam
450 1661 583 1725 cedendi
607 1662 695 1725 nulla
722 1660 812 1724 daret
838 1682 905 1744 res,
940 1661 1017 1747 quin
1043 1661 1123 1724 imo:
1148 1661 1258 1745 genita
1281 1668 1360 1740 (cor-

133 1781 223 1863 pora)
262 1779 389 1842 omnino
423 1778 511 1841 nulla
544 1778 667 1841 ratione
691 1777 845 1859 fuissent,
875 1777 1016 1863 undique
1039 1777 1188 1841 materies
1211 1777 1360 1863 quoniam

135 1897 254 1982 stipata
277 1897 439 1982 quiesset,
474 1897 508 1960 2⁰
534 1917 635 1982 aquae
659 1902 828 1980 ceteraque
852 1894 950 1959 fluida
971 1917 1035 1959 non
1057 1917 1115 1981 per
1138 1917 1216 1959 saxa
1238 1916 1361 1980 perma-

134 2019 260 2096 narent,
276 2021 313 2076 ut
328 2014 363 2076 in
378 2013 537 2099 speluncis
552 2014 712 2076 interdum
729 2012 873 2096 videtur3
890 2013 924 2076 3⁰
938 2013 1067 2097 plantae
1084 2018 1116 2076 et
1132 2013 1283 2077 animalia
1297 2034 1361 2076 uon

134 2137 329 2214 crescerent,
354 2132 428 2217 quia
451 2131 540 2194 cibus
563 2152 620 2216 per
637 2152 768 2215 corpora
783 2152 847 2194 uon
867 2136 974 2216 posset
993 2130 1160 2212 distribui3
1184 2131 1219 2194 4⁰
1241 2131 1362 2194 sonitus

132 2269 195 2334 per
229 2247 307 2312 dura
337 2270 469 2333 corpora
491 2269 552 2311 non
578 2248 729 2312 transiret
751 2269 855 2333 neque
879 2248 979 2332 frigus
1002 2246 1043 2310 ad
1066 2268 1136 2311 0111
1157 2253 1360 2331 penetraret3

134 2364 172 2428 5⁰
195 2364 281 2428 aliud
297 2387 410 2450 corpus
427 2365 491 2447 alii,
507 2366 577 2450 pari
593 2365 766 2447 volumine,
788 2365 928 2449 pondere
944 2386 1008 2428 non
1023 2370 1209 2449 praestaret.
1241 2363 1361 2437 Quodsi

134 2483 296 2565 obicitur,
319 2483 423 2568 pisces
447 2483 594 2546 celeriter
616 2504 693 2546 nare
715 2503 773 2568 per
796 2504 932 2567 aquam,
956 2503 1028 2545 cum
1051 2470 1160 2545 tamen
1175 2503 1312 2545 vacuum
1328 2483 1361 2545 in

133 2621 176 2664 01
203 2621 267 2663 non
289 2600 501 2685 percipiatur,
537 2601 611 2686 quia
634 2622 734 2686 aquae
758 2601 863 2665 locum
887 2607 1043 2685 occupant
1066 2623 1084 2664 a
1106 2601 1247 2686 piscibus
1269 2602 1361 2665 relic-

134 2723 228 2800 tum,
262 2717 433 2802 respondet
466 2724 593 2800 noster,
628 2718 661 2782 id
695 2718 938 2804 phaenomenon
969 2719 1075 2803 potius
1109 2719 1244 2803 probare
1268 2741 1361 2784 suum

136 2832 257 2897 dietum
292 2855 386 2919 quam
421 2834 588 2917 refellere,
623 2857 698 2898 nam
731 2834 859 2899 initium
890 2840 995 2898 motus
1026 2835 1159 2918 cogitari
1181 2857 1245 2899 non
1268 2857 1360 2921 posse

136 2950 200 3014 nisi
221 2950 316 3014 inane
340 2951 401 3033 sit,
432 2973 493 3037 quc
518 2973 600 3036 aqua
622 2958 745 3016 remota
767 2953 891 3015 refluat.
937 2951 1103 3015 Postremo
1126 2952 1254 3015 additur
1276 2952 1362 3016 aliud

138 3075 383 3152 argumentum,
420 3091 482 3154 quo
518 3070 714 3133 demonstrat
748 3075 844 3154 poeta
876 3090 960 3152 non,
993 3076 1030 3133 ut
1062 3071 1096 3133 in
1126 3070 1361 3155 superioribus,

137 3185 233 3250 inane
250 3207 318 3250 esse
334 3186 368 3248 in
384 3186 585 3271 corporibus,
602 3186 658 3250 sed
674 3187 772 3250 etiam
787 3209 924 3251 vacuum
940 3188 1009 3251 fieri
1025 3209 1118 3273 posse
1134 3210 1192 3274 per
1209 3210 1252 3252 10.
1277 3189 1361 3253 Nam

139 3302 165 3365 si
182 3302 262 3386 duo,
277 3303 395 3388 inquit,
412 3324 562 3387 corpora,
579 3303 715 3366 alterum
731 3325 803 3368 cum
816 3305 915 3368 altero
933 3304 1152 3388 coniunctum,
1169 3306 1231 3370 cito
1248 3306 1361 3369 dissili-

137 3425 215 3501 unt,
230 3427 375 3483 'vacuum
398 3440 467 3483 esse
491 3419 607 3502 debet,
631 3420 780 3505 quoniam
796 3442 851 3484 aer
866 3442 1024 3507 quemque
1039 3423 1162 3507 locum,
1183 3424 1267 3487 inter
1282 3423 1360 3488 haec

139 3559 271 3623 corpora
304 3544 427 3620 ortum,
462 3559 526 3601 nou
557 3538 669 3602 eodem
704 3540 855 3624 temporis
877 3545 995 3624 puncto
1019 3541 1177 3626 complere
1200 3547 1306 3627 potest
1329 3547 1361 3606 et

139 3655 265 3719 etiamsi
283 3648 407 3740 posset,
429 3662 537 3719 tamen
553 3656 586 3718 id
602 3657 706 3741 ipsum
722 3678 830 3720 rursus
845 3657 915 3720 fieri
931 3645 995 3721 non
1010 3665 1135 3743 posset,
1159 3659 1220 3722 nisi
1235 3659 1269 3722 in
1285 3680 1359 3723 aere

137 3772 207 3858 ipso
229 3794 365 3837 vacuum
388 3778 481 3837 01101.
510 3772 650 3856 Deinde,
666 3779 738 3859 post
753 3795 937 3856 excursum,
961 3795 1042 3860 quae
1059 3775 1255 3860 praecedunt
1272 3797 1359 3840 resu-

137 3911 230 3955 mens
263 3891 307 3955 sic
340 3891 446 3976 pergit
476 3896 590 3974 poeta:
626 3891 763 3973 ,omnis,
798 3896 834 3954 ut
868 3898 937 3975 est,
969 3893 1068 3976 igitur
1097 3914 1155 3978 per
1189 3915 1223 3957 se
1246 3900 1360 3959 natura

139 4008 263 4072 duabus
296 4008 438 4071 constitit
471 4007 504 4070 in
536 4007 647 4071 rebus:
683 4030 757 4071 nam
789 4030 920 4094 corpora
950 4015 1045 4092 sunt,
1080 4016 1112 4074 et
1134 4011 1246 4094 inane,
1280 4011 1360 4076 haec

174 4329 191 4387 ¹)
226 4329 294 4379 Stob.
304 4329 357 4379 Ecl.
368 4329 391 4389 I,
400 4332 461 4381 378:
480 4332 620 4390 Goloienoi
632 4330 711 4394 ’ἕτεροι
723 4334 820 4395 punicei
841 4333 867 4380 τὸ
886 4337 960 4383 κενὸν
972 4334 1005 4390 ὡς
1022 4335 1102 4390 ὄντως
1114 4337 1187 4384 κενὸν
1198 4333 1361 4399 ἀπέγνωσαν.

137 4424 325 4488 ’cunctatam
345 4425 402 4476 οὐδὲ
420 4446 444 4476 τι
462 4430 506 4476 τοῦ
524 4431 622 4484 παντὸς
640 4432 724 4478 κενεὸν
742 4427 813 4477 wilra
835 4426 891 4477 οὐδὲ
912 4429 1040 4491 περιττόν.
1072 4427 1265 4490 0111011110.
1279 4428 1307 4489 Ι,
1323 4431 1360 4477 18.

172 4517 192 4578 ²)
225 4518 332 4582 Versus,
362 4519 406 4584 qui
427 4525 564 4584 sequuntur
590 4519 736 4584 (331-333)
761 4524 827 4570 recte
852 4519 955 4571 Lotrius
971 4519 997 4570 in
1014 4520 1103 4572 Philol.
1121 4520 1190 4582 VII,
1215 4538 1239 4585 p.
1258 4524 1305 4570 699
1320 4521 1361 4572 hic

120 4612 265 4679 omittere,
282 4621 368 4666 contra
383 4615 489 4666 inserere
505 4621 562 4680 post
578 4619 624 4666 399
641 4617 703 4667 mihi
718 4617 824 4668 videtur.

1211 4716 1231 4779 2
