3196 5160
777 291 816 352 16

185 493 223 556 ad
258 499 459 578 praesentem
482 492 622 556 universi
650 497 769 556 statum
792 493 904 557 referri
926 514 990 556 non
1013 498 1140 578 potest,
1174 515 1248 557 uam
1270 494 1321 558 hic
1344 515 1407 559 non

184 617 232 675 est
255 610 462 674 immutabilis
485 611 537 674 vel
559 610 665 696 potius
689 632 752 674 non
776 617 822 674 est
843 631 998 695 praesens
1020 612 1162 674 universi
1186 617 1296 676 status.
1341 612 1410 677 He-

183 729 286 794 racliti
313 731 414 794 πάντα
436 728 485 815 ῥεῖ
507 729 626 814 optime
649 729 682 792 in
706 729 837 814 Epicuri
861 730 1047 793 universum
1071 729 1215 794 adhiberi
1242 737 1364 817 potest:
1386 729 1408 814 ¹)

184 852 216 910 et
240 867 349 910 omnes
372 846 562 930 qualitates,
587 867 667 931 quae
683 846 853 928 universo,
878 846 971 932 quale
988 852 1036 910 est
1051 868 1135 910 nunc
1152 853 1184 911 et
1201 847 1261 911 luit
1277 853 1310 912 et
1325 848 1408 930 erit,

183 969 315 1049 possunt
337 963 455 1044 tribui,
490 969 563 1026 sunt
586 963 728 1026 infinitus
751 985 902 1027 numerus
926 970 958 1027 et
981 970 1086 1028 motus
1110 970 1142 1028 et
1164 965 1408 1029 immutabilitas

184 1087 371 1145 atomorum.
416 1081 564 1144 Fortasse
599 1081 698 1164 igitur
731 1103 788 1167 pro
821 1089 998 1147 τοιοῦτον.
1024 1131 1031 1145 .
1055 1084 1125 1148 οἷον
1158 1083 1331 1167 legendum
1359 1089 1409 1147 est

184 1207 338 1264 τοσοῦτον
355 1247 362 1261 .
381 1247 388 1261 .
406 1202 505 1281 ὅσον,
529 1199 613 1284 quod
636 1199 738 1282 magis
761 1200 908 1282 congruit
930 1221 1003 1263 cum
1023 1201 1173 1264 Lucretio
1189 1207 1222 1264 et
1237 1201 1306 1265 loco
1322 1201 1409 1287 apud

184 1314 392 1379 Plutarchum
414 1315 552 1379 laudato.
597 1316 815 1379 Nihilominus
838 1323 906 1380 tota
929 1318 1165 1401 argumentatio
1188 1318 1270 1382 mira
1292 1324 1350 1381 est.

173 1474 175 1479 ·
227 1434 307 1498 Cum
329 1434 375 1497 ita
397 1434 559 1497 notionem
581 1440 759 1498 atomorum
782 1435 846 1498 iam
861 1436 1109 1520 praesumpserit
1124 1441 1239 1520 poeta,
1261 1434 1408 1499 defensu-

182 1558 305 1634 maest,
323 1550 482 1637 quodiam
496 1550 578 1614 obici
590 1557 715 1636 posset,
730 1557 852 1615 atomos
865 1573 929 1615 non
942 1573 1021 1634 esse,
1039 1553 1188 1638 quoniam
1200 1573 1264 1615 non
1276 1553 1407 1617 videan-

183 1676 243 1733 tur.
268 1669 332 1732 Sed
348 1668 428 1732 scire
443 1668 582 1750 volenti,
598 1668 674 1753 quid
690 1669 741 1750 sit,
756 1690 821 1732 non
836 1667 1055 1754 quaerendum
1072 1675 1132 1751 est,
1148 1691 1223 1733 num
1240 1669 1405 1752 videatur,

183 1786 238 1850 sed
272 1808 348 1850 num
382 1791 510 1869 tangat,
549 1790 699 1868 „tangere
734 1786 819 1848 enim
854 1792 886 1849 et
916 1787 1022 1870 tangi,
1057 1786 1119 1850 nisi
1153 1808 1283 1872 corpus,
1318 1788 1408 1852 nulla

182 1910 288 1990 potest
308 1905 379 1967 res’'
396 1901 442 1985 ²),
466 1902 562 1966 idest
578 1951 585 1984 ,
609 1923 686 1965 num
701 1902 934 1989 quodammodo
951 1903 1067 1967 afficiat
1082 1924 1193 1967 sensus
1209 1903 1254 1988 3),
1277 1910 1313 1967 ut
1329 1904 1407 1990 Epi-

182 2043 292 2085 curus:
323 2023 360 2086 τὰ
390 2026 446 2104 μὲν
477 2022 539 2106 γὰρ
564 2021 692 2101 σώματα
715 2021 757 2095 ὡς
781 2021 864 2085 ἔστιν
888 2022 965 2097 αὐτὴ
990 2023 1008 2097 ἡ
1033 2021 1180 2098 αἴσθησις
1204 2025 1252 2087 ἐπὶ
1275 2022 1406 2087 πάντων

181 2148 337 2224 μαρτυρεῖ.
383 2137 525 2218 Ventus,
560 2136 687 2218 odores,
723 2135 841 2220 frigus,
878 2142 984 2200 aestus
1008 2158 1072 2200 non
1095 2137 1262 2201 videntur:
1298 2159 1337 2201 ea
1359 2144 1406 2202 ta-

182 2279 256 2321 men
291 2277 359 2321 esse
393 2261 482 2340 patet
517 2275 558 2318 ex
594 2275 704 2317 eorum
736 2253 941 2317 efficacitate:
977 2254 1053 2338 quin
1077 2253 1173 2317 etiam
1197 2275 1350 2339 corporay
1368 2261 1405 2318 ut
1484 2264 1486 2268 '

182 2397 314 2461 aquam,
338 2396 451 2438 aureos
467 2374 620 2455 annulos,
644 2393 823 2454 vomerem,
841 2394 936 2453 saxa,
954 2372 1078 2457 aliaque
1096 2372 1228 2435 diminui
1244 2371 1403 2435 videmus:

182 2514 257 2577 ergo
292 2492 517 2578 „parvissima”
549 2512 680 2576 corpora
710 2490 748 2554 de
771 2491 810 2554 iis
834 2490 989 2553 decedere
1012 2490 1175 2574 quotidie,
1202 2511 1333 2554 necesse
1357 2495 1406 2553 est

183 2619 347 2697 putemus,
378 2631 569 2696 quamquam
601 2630 639 2672 ea
668 2631 732 2672 non
754 2614 887 2693 possunt
909 2608 1020 2671 videri.
1070 2608 1281 2693 „Corporibus
1304 2608 1406 2671 caecis

181 2732 255 2810 (non
279 2729 367 2811 visis)
393 2728 493 2811 igitur
508 2733 622 2791 natura
638 2727 720 2809 gerit
743 2725 815 2789 res'’
833 2729 865 2808 4).
912 2726 959 2789 Ut
974 2747 1042 2789 rem
1062 2725 1218 2807 illustret,
1235 2732 1406 2789 ventorum

180 2846 410 2932 fluminumque
431 2845 569 2929 impetus
592 2843 836 2928 descriptionem
852 2847 984 2926 usurpat
1001 2842 1185 2923 Lucretius,
1210 2863 1312 2927 quae,
1344 2842 1406 2904 etsi

182 2963 354 3025 clarissimo
377 2967 473 3045 poeta
497 2959 593 3043 digna
617 2965 682 3041 est,
706 2966 814 3022 tamen
837 2964 873 3021 ut
896 2959 1088 3042 comparatio
1113 2964 1161 3022 est
1183 2959 1318 3022 vitiosa:
1342 2964 1407 3020 ter-

182 3081 262 3143 tium
286 3080 387 3161 enim,
412 3078 495 3164 qnod
519 3078 651 3160 dicitnr,
676 3077 933 3162 comparationis,
958 3076 984 3139 si
1008 3076 1083 3162 quid
1105 3076 1267 3159 videmus,
1291 3076 1408 3140 falsum

183 3205 240 3263 est.
272 3198 382 3261 Atomi
405 3219 469 3260 non
492 3196 658 3279 videntur,
683 3197 810 3259 omnino
833 3195 921 3257 nullo
945 3215 1039 3257 sensu
1062 3215 1202 3278 unquam
1225 3193 1406 3278 percipiun-

182 3322 234 3379 tur
250 3317 293 3398 5);
318 3337 371 3378 eas
394 3335 428 3378 re
451 3335 528 3377 vera
552 3335 620 3376 csse
643 3313 884 3377 ratiocinatione
907 3317 1031 3375 tantum
1052 3311 1250 3374 concluditur
1273 3317 1305 3374 et
1320 3312 1408 3396 apud

183 3432 368 3496 Lucretium
400 3437 432 3494 et
455 3431 540 3515 apud
563 3431 746 3516 Epicurum.
794 3430 857 3493 Sed
879 3436 987 3492 tamen
1010 3429 1054 3491 sie
1077 3429 1260 3492 ratiocinari
1279 3428 1408 3492 videtur

182 3557 293 3634 pocta:
340 3548 466 3630 omnia,
515 3568 596 3633 quae
644 3567 842 3633 quocumque
888 3567 982 3609 sensu
1028 3546 1265 3630 percipiuntur,
1313 3551 1406 3609 sunt:
1480 3586 1489 3600 ι

182 3667 270 3730 venti
294 3687 356 3729 non
379 3665 549 3746 videntur,
581 3670 722 3726 attamen
746 3662 857 3726 eadem
881 3662 1041 3745 efficiunt,
1066 3683 1146 3748 quae
1170 3684 1324 3748 aquarum
1347 3664 1406 3726 flu-

185 3866 379 3873 wa.—

216 3974 234 4037 1)
268 3972 299 4023 V.
318 3976 378 4022 280:
397 3971 499 4022 adsidue
516 3969 632 4035 quoniam
648 3970 724 4020 fluere
741 3970 824 4020 omnia
840 3975 943 4021 constat.

215 4067 235 4131 ²)
270 4068 299 4118 I:
320 4071 374 4116 304.

215 4163 234 4222 ³)
267 4162 310 4213 Vs.
331 4165 386 4215 447.

211 4256 234 4322 a
269 4256 312 4305 vs.
331 4259 385 4304 aas.

215 4353 235 4416 ⁵)
271 4351 303 4401 D.
329 4352 357 4402 L.
385 4352 411 4399 X
436 4355 466 4399 44
484 4351 604 4402 addictam
622 4353 685 4416 γοῦν
702 4351 797 4414 ἄτομος
815 4347 886 4415 ὤφθη
903 4351 1037 4411 alodiam
1064 4353 1095 4399 56
1112 4353 1125 4399 'd
1143 4352 1173 4400 οὐ
1191 4353 1322 4415 θεωρεῖται
1338 4354 1405 4417 yrud-

183 4465 258 4511 μενον
275 4444 330 4496 οὐθ’
348 4447 417 4503 ὅπως
434 4446 467 4494 ἂν
483 4448 579 4511 γίνοιτο
598 4447 678 4510 ὁρατὴ
696 4447 791 4508 ἄτομος
809 4445 878 4495 ἔστιν
895 4447 1037 4507 ἐπινοῆσαι.
1061 4445 1127 4494 Plus.
1145 4444 1208 4507 plac.
1225 4445 1287 4508 phil.
1306 4446 1337 4506 I,
1356 4448 1404 4496 28:

183 4543 248 4592 εἶναι
272 4540 363 4592 d'atrd
382 4543 450 4604 λόγῳ
469 4541 594 4603 θεωρητά.
628 4541 727 4590 Lueret.
746 4540 790 4602 II,
809 4543 870 4590 312:
897 4540 983 4590 Omnis
1000 4540 1066 4590 enim
1082 4540 1155 4604 longe
1171 4539 1262 4590 nostris
1278 4540 1310 4590 ab
1327 4539 1404 4590 sensi·

182 4638 229 4689 bus
245 4637 310 4687 infra
325 4634 461 4700 primorum
476 4640 566 4685 natura
581 4634 652 4685 iacet.
