3196 5160
772 302 814 364 60

181 506 282 566 totam
304 522 361 588 per
382 501 526 567 membra
547 502 724 566 videmus”.
770 502 829 567 Est
850 501 950 587 igitur
971 503 1078 568 anima
1091 504 1234 568 medium
1249 501 1410 591 quoddam

182 619 249 684 sive
280 620 454 702 vinculum,
478 620 562 707 quod
595 625 736 684 mentem
766 626 803 684 ut
831 621 868 685 τὸ
904 622 1062 708 ἀρχικόν,
1091 622 1129 688 τὸ
1163 622 1356 708 ἡγεμονικόν
1377 625 1411 687 et

182 756 298 823 corpus
320 736 445 822 iungit:
480 737 623 819 „animus
646 759 703 802 sua
724 737 757 801 vi
781 758 854 801 cum
876 737 1016 823 percutit
1038 738 1195 821 animam,
1218 737 1301 803 haec
1324 737 1411 803 enim

183 873 297 939 corpus
319 855 468 941 propellit
484 861 517 919 et
531 854 619 919 icit.‘’
636 854 688 920 Sic
703 860 819 940 poeta,
843 876 915 919 cum
930 855 1072 920 animum
1087 877 1107 920 a
1121 876 1253 942 corpore
1268 854 1411 941 pendere

183 990 303 1055 negare
325 992 389 1036 non
411 972 532 1057 possit,
557 977 665 1036 tamen
688 971 718 1035 ei
741 971 924 1035 libertatem
939 971 1108 1057 quamdam
1124 991 1250 1036 servare
1266 976 1410 1037 conatur.

86 1105 88 1110 ·
184 1087 363 1153 Oaveamus
394 1095 503 1154 tamen
536 1109 576 1153 ne
608 1088 686 1154 duas
707 1094 840 1152 naturas
863 1088 1006 1153 dicamus
1028 1088 1169 1154 animum
1192 1093 1225 1153 et
1248 1089 1410 1172 animam,

183 1226 256 1270 cum
278 1212 375 1293 poeta
396 1206 469 1292 plus
492 1206 591 1270 semel
605 1205 758 1288 inculcet,
783 1211 955 1292 utrumque
979 1227 1074 1292 quam
1088 1206 1245 1270 artissime
1261 1206 1410 1271 coniunc-

183 1327 252 1388 tum
276 1344 345 1388 esse
369 1329 401 1388 et
424 1324 547 1410 corpori
571 1324 762 1410 oppositum.

233 1439 315 1505 Oum
338 1441 402 1505 iam
423 1440 599 1505 viderimus
628 1441 770 1506 animum
793 1446 827 1504 et
850 1439 991 1504 animam
1013 1460 1128 1526 corpus
1142 1459 1235 1525 posse
1258 1459 1409 1523 movere,

183 1557 258 1622 inde
292 1559 435 1644 sequitur
467 1579 506 1623 ea
528 1579 680 1645 corporea
702 1579 771 1623 esse
794 1563 931 1640 natura,
960 1579 1034 1622 uam
1059 1557 1283 1644 quodcumque
1306 1557 1412 1642 tangit

183 1681 239 1739 aut
260 1677 403 1761 tangitur
425 1697 538 1762 corpus
561 1677 602 1740 sit
624 1696 753 1741 necesse
777 1681 835 1740 est.
881 1675 973 1739 Idem
987 1680 1079 1761 patet
1095 1695 1138 1739 ex
1154 1695 1192 1738 eo
1208 1673 1295 1760 quod
1310 1695 1409 1756 arma,

185 1813 266 1879 quae
289 1814 403 1879 corpus
425 1793 596 1858 vulnerant
619 1793 762 1858 animum
786 1813 911 1879 quoque
935 1791 1066 1856 laedunt
1084 1791 1120 1875 ¹).
1167 1792 1268 1856 Porro
1284 1791 1411 1856 animus

186 1911 232 1994 (et
256 1911 383 1994 anima,
415 1916 587 1998 utrumque
611 1911 671 1976 hoc
702 1911 856 1975 vocabulo
890 1910 1049 1975 indicatur
1083 1909 1122 1973 cf.
1145 1911 1221 1986 216)
1245 1914 1412 1973 coustate

185 2049 280 2115 quam
302 2029 523 2093 minutissimis
548 2028 750 2115 corporibus:
774 2027 854 2092 nihil
876 2027 963 2092 enim
987 2048 1024 2091 eo
1047 2027 1195 2091 mobilius
1219 2032 1251 2089 et
1275 2026 1413 2091 celerius

186 2152 251 2210 est:
275 2166 314 2210 ea
336 2146 523 2232 corpuscula
544 2145 681 2210 rotunda
703 2167 773 2210 esse
796 2166 838 2210 ex
861 2166 971 2210 eorum
987 2145 1165 2209 mobilitate
1179 2143 1360 2208 ostenditur
1373 2143 1412 2227 2).

186 2263 289 2338 Quam
320 2269 434 2328 tenues
467 2264 531 2327 sint
565 2264 626 2327 hae
648 2263 747 2328 animi
768 2269 893 2349 partes,
916 2262 991 2326 inde
1014 2261 1153 2348 perspici
1175 2266 1302 2347 potest,
1326 2260 1424 2347 quod

184 2380 322 2446 hominis
354 2381 472 2446 mortui
500 2403 616 2466 corpus
639 2381 739 2445 nihilo
761 2381 865 2446 levius
888 2385 936 2446 est
959 2401 1054 2466 quam
1077 2379 1161 2443 vivi:
1195 2399 1281 2442 mors
1304 2379 1417 2444 omnia

185 2504 327 2584 praestat
360 2499 491 2563 vitalem
525 2505 652 2584 praeter
675 2520 803 2562 sensum
826 2497 1027 2584 calidumque
1050 2517 1201 2583 vaporem
1216 2492 1249 2578 ³).
1299 2495 1414 2577 „Quod

186 2634 288 2698 genus
311 2620 379 2697 est,
413 2614 533 2679 Bacchi
569 2636 641 2678 cum
663 2615 722 2679 flos
744 2614 896 2697 evanuit,
928 2619 984 2679 aut
1006 2635 1079 2679 oum
1101 2613 1230 2698 spiritus
1252 2613 1411 2697 unguenti

186 2733 291 2797 suavis
315 2732 441 2818 diffugit
463 2733 497 2797 in
519 2755 614 2799 auras
627 2782 634 2797 .
648 2780 677 2796 ..
706 2733 752 2798 nil
775 2734 875 2798 oculis
900 2739 1009 2798 tamen
1038 2753 1107 2797 esse
1129 2731 1233 2796 minor
1259 2751 1312 2795 res
1343 2730 1411 2816 ipsa

186 2849 337 2914 videtur”
353 2853 377 2927 4)
401 2871 505 2937 neque
528 2850 668 2936 pondere
691 2851 801 2915 levior.

229 2966 367 3032 Animus
389 2973 498 3032 autem
520 2989 584 3032 non
607 2974 656 3033 est
678 2969 816 3054 simplex
839 2967 1019 3054 quoddam:
1043 2970 1167 3032 constat
1181 2965 1301 3051 enime
1320 2970 1411 3052 quat

187 3090 259 3149 tuor
291 3085 456 3171 partibus:
488 3107 586 3169 aura,
618 3105 736 3172 vapore
760 3085 909 3167 (calore),
933 3104 1025 3165 aere,
1062 3088 1094 3146 et
1128 3087 1242 3168 quarta
1272 3080 1413 3167 quadam

187 3209 299 3289 parte,
334 3224 415 3290 quae
450 3204 587 3267 nominis
622 3210 670 3268 est
698 3224 813 3288 expers
840 3224 921 3289 „qua
942 3222 1048 3288 neque
1070 3199 1218 3265 mobilius
1240 3199 1414 3286 quicquam

187 3342 291 3407 neque
315 3321 443 3386 tenuius
466 3323 596 3385 exstat”
613 3321 648 3405 ⁵).
664 3344 666 3348 ⁴
693 3321 764 3385 Has
778 3327 886 3406 partes
901 3341 1014 3383 revera
1031 3339 1099 3383 esse
1121 3317 1180 3381 hoc
1195 3316 1290 3381 modo
1305 3323 1414 3382 osten-

189 3439 255 3502 dit:
289 3439 435 3504 videmus
469 3439 694 3523 moribundos,
730 3459 864 3524 quorum
898 3438 1026 3501 animus
1058 3457 1075 3500 e
1110 3455 1240 3521 corpore
1264 3434 1415 3520 decedit,

187 3561 318 3620 tenuem
352 3528 463 3631 auream
498 3559 643 3640 (πνεῦμα)
678 3555 845 3638 deserere,
879 3555 1016 3619 mixtam
1050 3573 1168 3638 vapore
1203 3552 1271 3616 sive
1306 3552 1416 3617 calore

188 3675 317 3762 (θερμοῦ
343 3681 453 3759 κρᾶσιν
478 3675 566 3760 ἕχον)
582 3676 624 3757 l);
656 3679 884 3758 vaporantem
907 3692 1033 3757 semper
1056 3671 1245 3735 coniunctus
1268 3675 1317 3733 est
1340 3691 1416 3734 oum

221 3873 239 3937 ¹)
275 3874 307 3923 D.
325 3872 354 3922 L.
373 3872 412 3924 67.
445 3865 470 3923 ci
493 3874 612 3938 λέγοντες
632 3872 767 3934 ἀσώματον
791 3874 853 3923 εἶναι
878 3872 926 3932 τὴν
950 3868 1037 3935 ψυχὴν
1058 3869 1239 3933 ματαΐζουσιν·
1263 3869 1342 3922 οὐδὲν
1363 3871 1415 3934 γάρ

188 3968 222 4018 ἂν
246 3968 352 4019 ἐδύνατο
374 3971 457 4018 ποιεῖν
480 3969 537 4016 οὔτε
565 3968 675 4031 πάσχειν
700 3965 720 4015 εἰ
745 3966 778 4025 ἦν
801 3965 925 4024 τοιαύτη·
947 3968 995 4016 νῦν
1021 3963 1156 4029 δ’ἐνσργῶς
1181 3961 1311 4028 ἀμφότερα
1331 3967 1416 4014 ταῦτα

189 4061 399 4128 διαλαμβάνομεν
416 4063 475 4128 περὶ
492 4064 540 4122 τὴν
557 4060 645 4125 ψυχήν
662 4064 694 4111 τὰ
711 4062 893 4124 συμπτώματα.

221 4157 240 4211 ²)
273 4157 306 4206 D.
330 4157 360 4207 L.
381 4157 414 4206 X.
440 4160 471 4206 66
493 4156 578 4208 Ἀλλὰ
599 4159 650 4218 μὴν
673 4158 715 4206 nal
738 4154 793 4205 τάδε
818 4156 885 4222 λέγει
908 4156 936 4205 ἐν
958 4157 1063 4214 ἄλλοις,
1090 4156 1133 4205 καὶ
1157 4153 1183 4210 ἐξ
1208 4155 1311 4218 άτάμων
1328 4156 1415 4217 αὐτὴν

189 4255 337 4318 συγκεῖσθαι
353 4250 491 4303 λειοτάτων
507 4251 550 4301 rol
568 4252 810 4317 στρογγυλωτάτων.

220 4346 239 4406 ³)
272 4346 316 4396 Vs.
335 4349 389 4396 214.

220 4441 239 4501 ⁴)
272 4441 316 4491 Vs.
334 4444 389 4490 221.

221 4535 241 4602 ⁶)
275 4536 319 4586 Vs.
337 4538 392 4584 243.

221 4636 239 4696 ⁶)
273 4636 306 4685 D.
324 4636 354 4686 L.
371 4635 405 4683 X.
423 4637 463 4684 63.
