<?xml version="1.0" encoding="UTF-8"?>
<!DOCTYPE html PUBLIC "-//W3C//DTD XHTML 1.0 Transitional//EN"
    "http://www.w3.org/TR/xhtml1/DTD/xhtml1-transitional.dtd">
<html xmlns="http://www.w3.org/1999/xhtml" xml:lang="en" lang="en">
 <head>
  <title>
</title>
<meta http-equiv="Content-Type" content="text/html;charset=utf-8" />
  <meta name='ocr-system' content='tesseract 3.04.00' />
  <meta name='ocr-capabilities' content='ocr_page ocr_carea ocr_par ocr_line ocrx_word'/>
</head>
<body>
  <div class='ocr_page' id='page_1' title='image "./lucretiiphiloso00woltgoog_0015.png"; bbox 0 0 3196 5160; ppageno 0'>
   <div class='ocr_carea' id='block_1_1' title="bbox 784 301 805 363">
    <p class='ocr_par' dir='ltr' id='par_1_1' title="bbox 784 301 805 363">
     <span class='ocr_line' id='line_1_1' title="bbox 784 301 805 363; baseline 0 0"><span class='ocrx_word' id='word_1_1' title='bbox 784 301 805 363; x_wconf 83' lang='lat'>2</span> 
     </span>
    </p>
   </div>
   <div class='ocr_carea' id='block_1_2' title="bbox 184 501 1407 1297">
    <p class='ocr_par' dir='ltr' id='par_1_2' title="bbox 184 501 1407 1065">
     <span class='ocr_line' id='line_1_2' title="bbox 184 501 1406 590; baseline 0 -20"><span class='ocrx_word' id='word_1_2' title='bbox 184 504 380 587; x_wconf 86' lang='lat' dir='ltr'>Amafinius,</span> <span class='ocrx_word' id='word_1_3' title='bbox 403 502 458 590; x_wconf 92' lang='lat' dir='ltr'>qui</span> <span class='ocrx_word' id='word_1_4' title='bbox 479 502 612 589; x_wconf 85' lang='lat' dir='ltr'>physica</span> <span class='ocrx_word' id='word_1_5' title='bbox 636 501 761 587; x_wconf 81' lang='lat' dir='ltr'>scripsit</span> <span class='ocrx_word' id='word_1_6' title='bbox 774 504 807 585; x_wconf 85' lang='lat'>¹),</span> <span class='ocrx_word' id='word_1_7' title='bbox 832 502 916 589; x_wconf 91' lang='lat' dir='ltr'>quod</span> <span class='ocrx_word' id='word_1_8' title='bbox 937 503 1023 568; x_wconf 91' lang='lat' dir='ltr'>idem</span> <span class='ocrx_word' id='word_1_9' title='bbox 1043 503 1196 569; x_wconf 84' lang='lat' dir='ltr'><strong>Rabirius</strong></span> <span class='ocrx_word' id='word_1_10' title='bbox 1226 503 1338 570; x_wconf 89' lang='lat' dir='ltr'>fecisse</span> <span class='ocrx_word' id='word_1_11' title='bbox 1360 507 1406 570; x_wconf 85' lang='lat' dir='ltr'>vi·</span> 
     </span>
     <span class='ocr_line' id='line_1_3' title="bbox 185 619 1407 707; baseline -0.001 -19"><span class='ocrx_word' id='word_1_12' title='bbox 185 623 286 688; x_wconf 92' lang='lat' dir='ltr'>detur.</span> <span class='ocrx_word' id='word_1_13' title='bbox 325 621 435 688; x_wconf 75' lang='lat' dir='ltr'>Catius</span> <span class='ocrx_word' id='word_1_14' title='bbox 457 620 613 703; x_wconf 84' lang='lat' dir='ltr'>Insuber,</span> <span class='ocrx_word' id='word_1_15' title='bbox 636 619 778 705; x_wconf 88' lang='lat' dir='ltr'>aequalis</span> <span class='ocrx_word' id='word_1_16' title='bbox 802 619 985 703; x_wconf 75' lang='lat' dir='ltr'>Ciceronis,</span> <span class='ocrx_word' id='word_1_17' title='bbox 1012 621 1111 703; x_wconf 82' lang='lat' dir='ltr'>,levis</span> <span class='ocrx_word' id='word_1_18' title='bbox 1127 620 1255 707; x_wconf 92' lang='lat' dir='ltr'>quidem</span> <span class='ocrx_word' id='word_1_19' title='bbox 1271 622 1407 687; x_wconf 90' lang='lat' dir='ltr'>sednon</span> 
     </span>
     <span class='ocr_line' id='line_1_4' title="bbox 184 738 1407 824; baseline 0.001 -20"><span class='ocrx_word' id='word_1_20' title='bbox 184 739 375 805; x_wconf 91' lang='lat' dir='ltr'>iniucundus</span> <span class='ocrx_word' id='word_1_21' title='bbox 397 744 505 803; x_wconf 87' lang='lat' dir='ltr'>tamen</span> <span class='ocrx_word' id='word_1_22' title='bbox 527 738 657 802; x_wconf 87' lang='lat' dir='ltr'>auctor‘’</span> <span class='ocrx_word' id='word_1_23' title='bbox 681 742 832 822; x_wconf 87' lang='lat' dir='ltr'>quattuor</span> <span class='ocrx_word' id='word_1_24' title='bbox 854 738 951 801; x_wconf 92' lang='lat' dir='ltr'>libros</span> <span class='ocrx_word' id='word_1_25' title='bbox 974 739 1100 824; x_wconf 81' lang='lat' dir='ltr'>scripsit</span> <span class='ocrx_word' id='word_1_26' title='bbox 1115 738 1154 803; x_wconf 90' lang='lat' dir='ltr'>de</span> <span class='ocrx_word' id='word_1_27' title='bbox 1170 761 1277 804; x_wconf 87' lang='lat' dir='ltr'>rerum</span> <span class='ocrx_word' id='word_1_28' title='bbox 1293 746 1407 806; x_wconf 90' lang='lat' dir='ltr'>natura</span> 
     </span>
     <span class='ocr_line' id='line_1_5' title="bbox 184 854 1406 943; baseline 0 -20"><span class='ocrx_word' id='word_1_29' title='bbox 184 865 217 923; x_wconf 90' lang='grc'>11</span> <span class='ocrx_word' id='word_1_30' title='bbox 251 857 290 922; x_wconf 94' lang='lat' dir='ltr'>de</span> <span class='ocrx_word' id='word_1_31' title='bbox 321 878 443 921; x_wconf 92' lang='lat' dir='ltr'>summo</span> <span class='ocrx_word' id='word_1_32' title='bbox 474 856 567 919; x_wconf 92' lang='lat' dir='ltr'>bono.</span> <span class='ocrx_word' id='word_1_33' title='bbox 612 855 746 919; x_wconf 81' lang='lat' dir='ltr'>Praeter</span> <span class='ocrx_word' id='word_1_34' title='bbox 767 854 826 919; x_wconf 93' lang='lat' dir='ltr'>hos</span> <span class='ocrx_word' id='word_1_35' title='bbox 848 877 965 940; x_wconf 87' lang='lat' dir='ltr'>magna</span> <span class='ocrx_word' id='word_1_36' title='bbox 988 862 1056 920; x_wconf 90' lang='lat' dir='ltr'>erat</span> <span class='ocrx_word' id='word_1_37' title='bbox 1078 857 1251 922; x_wconf 90' lang='lat' dir='ltr'>multitudo</span> <span class='ocrx_word' id='word_1_38' title='bbox 1275 879 1406 943; x_wconf 89' lang='lat' dir='ltr'>eorum,</span> 
     </span>
     <span class='ocr_line' id='line_1_6' title="bbox 184 974 719 1065; baseline -0.007 -24"><span class='ocrx_word' id='word_1_39' title='bbox 184 978 238 1065; x_wconf 92' lang='lat' dir='ltr'>qui</span> <span class='ocrx_word' id='word_1_40' title='bbox 261 998 334 1041; x_wconf 88' lang='lat' dir='ltr'>cum</span> <span class='ocrx_word' id='word_1_41' title='bbox 356 975 492 1040; x_wconf 90' lang='lat' dir='ltr'>Horatio</span> <span class='ocrx_word' id='word_1_42' title='bbox 516 974 663 1039; x_wconf 89' lang='lat' dir='ltr'>dicebant</span> <span class='ocrx_word' id='word_1_43' title='bbox 675 975 719 1058; x_wconf 81' lang='grc'>2);</span> 
     </span>
    </p>

    <p class='ocr_par' dir='ltr' id='par_1_3' title="bbox 230 1089 1233 1179">
     <span class='ocr_line' id='line_1_7' title="bbox 230 1089 1233 1179; baseline -0.002 -19"><span class='ocrx_word' id='word_1_44' title='bbox 230 1094 298 1179; x_wconf 81' lang='lat' dir='ltr'>,Ac</span> <span class='ocrx_word' id='word_1_45' title='bbox 331 1115 372 1159; x_wconf 93' lang='lat' dir='ltr'>ne</span> <span class='ocrx_word' id='word_1_46' title='bbox 404 1093 486 1157; x_wconf 88' lang='lat' dir='ltr'>forte</span> <span class='ocrx_word' id='word_1_47' title='bbox 509 1112 622 1177; x_wconf 89' lang='lat' dir='ltr'>roges,</span> <span class='ocrx_word' id='word_1_48' title='bbox 657 1112 719 1178; x_wconf 94' lang='lat' dir='ltr'>quo</span> <span class='ocrx_word' id='word_1_49' title='bbox 741 1111 793 1155; x_wconf 91' lang='lat' dir='ltr'>me</span> <span class='ocrx_word' id='word_1_50' title='bbox 817 1089 918 1173; x_wconf 92' lang='lat' dir='ltr'>duce,</span> <span class='ocrx_word' id='word_1_51' title='bbox 953 1112 1015 1177; x_wconf 90' lang='lat' dir='ltr'>quo</span> <span class='ocrx_word' id='word_1_52' title='bbox 1038 1091 1104 1156; x_wconf 91' lang='lat' dir='ltr'>lare</span> <span class='ocrx_word' id='word_1_53' title='bbox 1128 1098 1233 1158; x_wconf 87' lang='lat' dir='ltr'>tuter:</span> 
     </span>
    </p>

    <p class='ocr_par' dir='ltr' id='par_1_4' title="bbox 230 1206 1035 1297">
     <span class='ocr_line' id='line_1_8' title="bbox 230 1206 1035 1297; baseline -0.006 -20"><span class='ocrx_word' id='word_1_54' title='bbox 230 1213 367 1297; x_wconf 85' lang='lat' dir='ltr'>,nullius</span> <span class='ocrx_word' id='word_1_55' title='bbox 389 1211 534 1276; x_wconf 90' lang='lat' dir='ltr'>addictus</span> <span class='ocrx_word' id='word_1_56' title='bbox 556 1210 661 1274; x_wconf 80' lang='lat' dir='ltr'>imane</span> <span class='ocrx_word' id='word_1_57' title='bbox 684 1209 717 1272; x_wconf 92' lang='lat' dir='ltr'>in</span> <span class='ocrx_word' id='word_1_58' title='bbox 748 1206 847 1272; x_wconf 88' lang='lat' dir='ltr'>verba</span> <span class='ocrx_word' id='word_1_59' title='bbox 869 1209 1035 1293; x_wconf 77' lang='lat' dir='ltr'>magistri,</span> 
     </span>
    </p>
   </div>
   <div class='ocr_carea' id='block_1_3' title="bbox 229 1326 1229 1418">
    <p class='ocr_par' dir='ltr' id='par_1_5' title="bbox 229 1326 1229 1418">
     <span class='ocr_line' id='line_1_9' title="bbox 229 1326 1229 1418; baseline -0.014 -19"><span class='ocrx_word' id='word_1_60' title='bbox 229 1353 310 1418; x_wconf 87' lang='lat' dir='ltr'>„quo</span> <span class='ocrx_word' id='word_1_61' title='bbox 344 1351 396 1395; x_wconf 90' lang='lat' dir='ltr'>me</span> <span class='ocrx_word' id='word_1_62' title='bbox 427 1349 552 1414; x_wconf 93' lang='lat' dir='ltr'>cunque</span> <span class='ocrx_word' id='word_1_63' title='bbox 585 1327 669 1413; x_wconf 85' lang='lat' dir='ltr'>rapit</span> <span class='ocrx_word' id='word_1_64' title='bbox 703 1333 897 1411; x_wconf 84' lang='lat' dir='ltr'>tempestas,</span> <span class='ocrx_word' id='word_1_65' title='bbox 932 1326 1057 1391; x_wconf 88' lang='lat' dir='ltr'>deferor</span> <span class='ocrx_word' id='word_1_66' title='bbox 1082 1326 1229 1414; x_wconf 82' lang='lat' dir='ltr'>hospes”,</span> 
     </span>
    </p>
   </div>
   <div class='ocr_carea' id='block_1_4' title="bbox 181 1445 1409 3412">
    <p class='ocr_par' dir='ltr' id='par_1_6' title="bbox 182 1445 1407 1766">
     <span class='ocr_line' id='line_1_10' title="bbox 184 1445 1407 1533; baseline -0.002 -18"><span class='ocrx_word' id='word_1_67' title='bbox 184 1456 216 1514; x_wconf 87' lang='lat' dir='ltr'>et</span> <span class='ocrx_word' id='word_1_68' title='bbox 250 1457 358 1515; x_wconf 88' lang='lat' dir='ltr'>tamen</span> <span class='ocrx_word' id='word_1_69' title='bbox 392 1447 524 1533; x_wconf 86' lang='lat' dir='ltr'>Epicuri</span> <span class='ocrx_word' id='word_1_70' title='bbox 558 1445 735 1509; x_wconf 84' lang='lat' dir='ltr'>doctrinam</span> <span class='ocrx_word' id='word_1_71' title='bbox 769 1466 841 1509; x_wconf 92' lang='lat' dir='ltr'>cum</span> <span class='ocrx_word' id='word_1_72' title='bbox 863 1445 1003 1509; x_wconf 84' lang='lat' dir='ltr'>manime</span> <span class='ocrx_word' id='word_1_73' title='bbox 1026 1445 1176 1511; x_wconf 87' lang='lat' dir='ltr'>fovebant</span> <span class='ocrx_word' id='word_1_74' title='bbox 1198 1453 1234 1511; x_wconf 92' lang='lat' dir='ltr'>ut</span> <span class='ocrx_word' id='word_1_75' title='bbox 1255 1448 1324 1533; x_wconf 90' lang='lat' dir='ltr'>ipse</span> <span class='ocrx_word' id='word_1_76' title='bbox 1339 1448 1407 1512; x_wconf 94' lang='lat' dir='ltr'>Ho-</span> 
     </span>
     <span class='ocr_line' id='line_1_11' title="bbox 183 1561 1407 1650; baseline -0.001 -20"><span class='ocrx_word' id='word_1_77' title='bbox 183 1566 284 1632; x_wconf 90' lang='lat' dir='ltr'>ratius</span> <span class='ocrx_word' id='word_1_78' title='bbox 297 1571 339 1649; x_wconf 84' lang='lat'>³),</span> <span class='ocrx_word' id='word_1_79' title='bbox 374 1566 544 1629; x_wconf 88' lang='lat' dir='ltr'>Maecenas</span> <span class='ocrx_word' id='word_1_80' title='bbox 575 1569 607 1627; x_wconf 90' lang='lat' dir='ltr'>et</span> <span class='ocrx_word' id='word_1_81' title='bbox 641 1568 737 1626; x_wconf 89' lang='lat' dir='ltr'>antea</span> <span class='ocrx_word' id='word_1_82' title='bbox 767 1561 930 1627; x_wconf 76' lang='lat' dir='ltr'>Ciceronis</span> <span class='ocrx_word' id='word_1_83' title='bbox 959 1562 1123 1627; x_wconf 88' lang='lat' dir='ltr'>familiaris</span> <span class='ocrx_word' id='word_1_84' title='bbox 1150 1565 1186 1628; x_wconf 88' lang='grc' dir='ltr'>Τ.</span> <span class='ocrx_word' id='word_1_85' title='bbox 1210 1565 1407 1650; x_wconf 90' lang='lat' dir='ltr'>Pomponius</span> 
     </span>
     <span class='ocr_line' id='line_1_12' title="bbox 182 1679 684 1766; baseline -0.008 -19"><span class='ocrx_word' id='word_1_86' title='bbox 182 1683 312 1748; x_wconf 85' lang='lat' dir='ltr'>Atticus</span> <span class='ocrx_word' id='word_1_87' title='bbox 323 1680 348 1766; x_wconf 80' lang='lat'>⁴)</span> <span class='ocrx_word' id='word_1_88' title='bbox 373 1688 405 1746; x_wconf 92' lang='lat' dir='ltr'>et</span> <span class='ocrx_word' id='word_1_89' title='bbox 428 1682 465 1746; x_wconf 91' lang='lat' dir='ltr'>L.</span> <span class='ocrx_word' id='word_1_90' title='bbox 491 1681 638 1745; x_wconf 80' lang='lat' dir='ltr'>Saufeius</span> <span class='ocrx_word' id='word_1_91' title='bbox 649 1679 684 1758; x_wconf 86' lang='grc'>5).</span> 
     </span>
    </p>

    <p class='ocr_par' dir='ltr' id='par_1_7' title="bbox 181 1797 1409 3412">
     <span class='ocr_line' id='line_1_13' title="bbox 227 1797 1407 1884; baseline 0 -18"><span class='ocrx_word' id='word_1_92' title='bbox 227 1801 363 1866; x_wconf 75' lang='lat' dir='ltr'>Causam</span> <span class='ocrx_word' id='word_1_93' title='bbox 385 1799 611 1884; x_wconf 88' lang='lat' dir='ltr'>investiganti,</span> <span class='ocrx_word' id='word_1_94' title='bbox 643 1819 698 1862; x_wconf 92' lang='lat' dir='ltr'>cnr</span> <span class='ocrx_word' id='word_1_95' title='bbox 721 1803 768 1861; x_wconf 92' lang='lat' dir='ltr'>tot</span> <span class='ocrx_word' id='word_1_96' title='bbox 792 1797 888 1861; x_wconf 89' lang='lat' dir='ltr'>huius</span> <span class='ocrx_word' id='word_1_97' title='bbox 915 1797 1041 1862; x_wconf 89' lang='lat' dir='ltr'>scholae</span> <span class='ocrx_word' id='word_1_98' title='bbox 1069 1798 1215 1884; x_wconf 87' lang='lat' dir='ltr'>discipuli</span> <span class='ocrx_word' id='word_1_99' title='bbox 1241 1801 1407 1866; x_wconf 88' lang='lat' dir='ltr'>floruerint</span> 
     </span>
     <span class='ocr_line' id='line_1_14' title="bbox 182 1916 1405 2003; baseline -0.001 -19"><span class='ocrx_word' id='word_1_100' title='bbox 182 1920 327 2003; x_wconf 88' lang='lat' dir='ltr'>Rornae,</span> <span class='ocrx_word' id='word_1_101' title='bbox 361 1918 441 1983; x_wconf 92' lang='lat' dir='ltr'>haec</span> <span class='ocrx_word' id='word_1_102' title='bbox 472 1917 538 1982; x_wconf 88' lang='lat' dir='ltr'>fere</span> <span class='ocrx_word' id='word_1_103' title='bbox 572 1916 777 1980; x_wconf 88' lang='lat' dir='ltr'>satisfacient.</span> <span class='ocrx_word' id='word_1_104' title='bbox 823 1916 1041 1980; x_wconf 85' lang='lat' dir='ltr'>Romanorum</span> <span class='ocrx_word' id='word_1_105' title='bbox 1071 1916 1156 1980; x_wconf 92' lang='lat' dir='ltr'>enim</span> <span class='ocrx_word' id='word_1_106' title='bbox 1178 1918 1343 2002; x_wconf 89' lang='lat' dir='ltr'>ingenium</span> <span class='ocrx_word' id='word_1_107' title='bbox 1366 1919 1405 1983; x_wconf 88' lang='lat' dir='ltr'>ab</span> 
     </span>
     <span class='ocr_line' id='line_1_15' title="bbox 182 2032 1405 2122; baseline -0.002 -22"><span class='ocrx_word' id='word_1_108' title='bbox 182 2037 322 2122; x_wconf 85' lang='lat' dir='ltr'>antiquis</span> <span class='ocrx_word' id='word_1_109' title='bbox 345 2035 542 2121; x_wconf 86' lang='lat' dir='ltr'>temporibus</span> <span class='ocrx_word' id='word_1_110' title='bbox 564 2033 757 2098; x_wconf 86' lang='lat' dir='ltr'>abhorrebat</span> <span class='ocrx_word' id='word_1_111' title='bbox 780 2054 799 2097; x_wconf 92' lang='lat' dir='ltr'>a</span> <span class='ocrx_word' id='word_1_112' title='bbox 821 2032 1021 2119; x_wconf 90' lang='lat' dir='ltr'>philosophia</span> <span class='ocrx_word' id='word_1_113' title='bbox 1032 2036 1072 2117; x_wconf 78' lang='grc'>6);</span> <span class='ocrx_word' id='word_1_114' title='bbox 1102 2034 1150 2097; x_wconf 87' lang='lat' dir='ltr'>rei</span> <span class='ocrx_word' id='word_1_115' title='bbox 1171 2035 1323 2119; x_wconf 88' lang='lat' dir='ltr'>militari,</span> <span class='ocrx_word' id='word_1_116' title='bbox 1346 2037 1405 2100; x_wconf 87' lang='lat' dir='ltr'>rei-</span> 
     </span>
     <span class='ocr_line' id='line_1_16' title="bbox 181 2150 1406 2240; baseline 0 -23"><span class='ocrx_word' id='word_1_117' title='bbox 181 2153 329 2240; x_wconf 88' lang='lat' dir='ltr'>publicae</span> <span class='ocrx_word' id='word_1_118' title='bbox 363 2153 447 2217; x_wconf 89' lang='lat' dir='ltr'>bene</span> <span class='ocrx_word' id='word_1_119' title='bbox 478 2150 738 2234; x_wconf 90' lang='lat' dir='ltr'>constituendae,</span> <span class='ocrx_word' id='word_1_120' title='bbox 773 2151 835 2214; x_wconf 77' lang='lat' dir='ltr'>iuri</span> <span class='ocrx_word' id='word_1_121' title='bbox 865 2151 952 2215; x_wconf 90' lang='lat' dir='ltr'>civili</span> <span class='ocrx_word' id='word_1_122' title='bbox 975 2157 1008 2215; x_wconf 91' lang='lat' dir='ltr'>et</span> <span class='ocrx_word' id='word_1_123' title='bbox 1030 2152 1202 2216; x_wconf 85' lang='lat' dir='ltr'>virtutibus</span> <span class='ocrx_word' id='word_1_124' title='bbox 1225 2153 1406 2218; x_wconf 85' lang='lat' dir='ltr'>domesticis</span> 
     </span>
     <span class='ocr_line' id='line_1_17' title="bbox 182 2269 1406 2356; baseline 0.001 -21"><span class='ocrx_word' id='word_1_125' title='bbox 182 2271 367 2335; x_wconf 86' lang='lat' dir='ltr'>excolendis</span> <span class='ocrx_word' id='word_1_126' title='bbox 401 2270 476 2334; x_wconf 91' lang='lat' dir='ltr'>solis</span> <span class='ocrx_word' id='word_1_127' title='bbox 511 2269 667 2334; x_wconf 91' lang='lat' dir='ltr'>dederunt</span> <span class='ocrx_word' id='word_1_128' title='bbox 691 2289 841 2353; x_wconf 89' lang='lat' dir='ltr'>operam,</span> <span class='ocrx_word' id='word_1_129' title='bbox 877 2290 938 2355; x_wconf 93' lang='lat' dir='ltr'>quo</span> <span class='ocrx_word' id='word_1_130' title='bbox 961 2269 1080 2333; x_wconf 88' lang='lat' dir='ltr'>factum</span> <span class='ocrx_word' id='word_1_131' title='bbox 1103 2276 1172 2353; x_wconf 90' lang='lat' dir='ltr'>est,</span> <span class='ocrx_word' id='word_1_132' title='bbox 1206 2277 1243 2335; x_wconf 93' lang='lat' dir='ltr'>ut</span> <span class='ocrx_word' id='word_1_133' title='bbox 1265 2272 1406 2356; x_wconf 83' lang='lat' dir='ltr'>vulgaris</span> 
     </span>
     <span class='ocr_line' id='line_1_18' title="bbox 181 2386 1406 2472; baseline 0.001 -20"><span class='ocrx_word' id='word_1_134' title='bbox 181 2388 268 2453; x_wconf 88' lang='lat' dir='ltr'>vitae</span> <span class='ocrx_word' id='word_1_135' title='bbox 291 2387 504 2471; x_wconf 87' lang='lat' dir='ltr'>consuetudo,</span> <span class='ocrx_word' id='word_1_136' title='bbox 540 2388 643 2472; x_wconf 89' lang='lat' dir='ltr'>pietas</span> <span class='ocrx_word' id='word_1_137' title='bbox 666 2386 920 2471; x_wconf 88' lang='lat' dir='ltr'>ergamaiores,</span> <span class='ocrx_word' id='word_1_138' title='bbox 955 2387 1025 2472; x_wconf 89' lang='lat' dir='ltr'>ipsa</span> <span class='ocrx_word' id='word_1_139' title='bbox 1046 2387 1179 2472; x_wconf 88' lang='lat' dir='ltr'>rehgio,</span> <span class='ocrx_word' id='word_1_140' title='bbox 1212 2410 1284 2452; x_wconf 93' lang='lat' dir='ltr'>cum</span> <span class='ocrx_word' id='word_1_141' title='bbox 1307 2390 1406 2453; x_wconf 91' lang='lat' dir='ltr'>omni·</span> 
     </span>
     <span class='ocr_line' id='line_1_19' title="bbox 181 2486 1407 2594; baseline 0.003 -24"><span class='ocrx_word' id='word_1_142' title='bbox 181 2506 242 2570; x_wconf 90' lang='lat' dir='ltr'>bus</span> <span class='ocrx_word' id='word_1_143' title='bbox 276 2506 471 2591; x_wconf 88' lang='lat' dir='ltr'>reipublicae</span> <span class='ocrx_word' id='word_1_144' title='bbox 505 2505 759 2569; x_wconf 88' lang='lat' dir='ltr'>institutionibus</span> <span class='ocrx_word' id='word_1_145' title='bbox 786 2506 955 2569; x_wconf 91' lang='lat' dir='ltr'>coniuncta</span> <span class='ocrx_word' id='word_1_146' title='bbox 977 2511 1009 2569; x_wconf 89' lang='lat' dir='ltr'>et</span> <span class='ocrx_word' id='word_1_147' title='bbox 1033 2486 1237 2570; x_wconf 81' lang='lat' dir='ltr'>Graecorum</span> <span class='ocrx_word' id='word_1_148' title='bbox 1252 2512 1407 2594; x_wconf 77' lang='grc' dir='ltr'>φαντασία</span> 
     </span>
     <span class='ocr_line' id='line_1_20' title="bbox 181 2621 1407 2710; baseline -0.001 -23"><span class='ocrx_word' id='word_1_149' title='bbox 181 2645 309 2710; x_wconf 88' lang='lat' dir='ltr'>prorsus</span> <span class='ocrx_word' id='word_1_150' title='bbox 346 2622 520 2705; x_wconf 91' lang='lat' dir='ltr'>destituta,</span> <span class='ocrx_word' id='word_1_151' title='bbox 555 2623 712 2686; x_wconf 87' lang='lat' dir='ltr'>clarorum</span> <span class='ocrx_word' id='word_1_152' title='bbox 746 2623 843 2686; x_wconf 88' lang='lat' dir='ltr'>etiam</span> <span class='ocrx_word' id='word_1_153' title='bbox 874 2628 907 2685; x_wconf 90' lang='lat' dir='ltr'>et</span> <span class='ocrx_word' id='word_1_154' title='bbox 933 2621 1129 2686; x_wconf 87' lang='lat' dir='ltr'>eruditorum</span> <span class='ocrx_word' id='word_1_155' title='bbox 1152 2622 1317 2688; x_wconf 92' lang='lat' dir='ltr'>hominum</span> <span class='ocrx_word' id='word_1_156' title='bbox 1340 2625 1407 2688; x_wconf 91' lang='lat' dir='ltr'>ani-</span> 
     </span>
     <span class='ocr_line' id='line_1_21' title="bbox 183 2739 1408 2826; baseline -0.002 -21"><span class='ocrx_word' id='word_1_157' title='bbox 183 2763 252 2806; x_wconf 89' lang='lat' dir='ltr'>mos</span> <span class='ocrx_word' id='word_1_158' title='bbox 274 2743 320 2805; x_wconf 92' lang='lat' dir='ltr'>ita</span> <span class='ocrx_word' id='word_1_159' title='bbox 343 2741 596 2825; x_wconf 87' lang='lat' dir='ltr'>obstringerent,</span> <span class='ocrx_word' id='word_1_160' title='bbox 621 2746 657 2803; x_wconf 91' lang='lat' dir='ltr'>ut</span> <span class='ocrx_word' id='word_1_161' title='bbox 679 2739 736 2803; x_wconf 82' lang='lat' dir='ltr'>vix</span> <span class='ocrx_word' id='word_1_162' title='bbox 758 2739 799 2803; x_wconf 91' lang='lat' dir='ltr'>ad</span> <span class='ocrx_word' id='word_1_163' title='bbox 821 2739 955 2802; x_wconf 90' lang='lat' dir='ltr'>liberam</span> <span class='ocrx_word' id='word_1_164' title='bbox 977 2760 1084 2803; x_wconf 88' lang='lat' dir='ltr'>rerum</span> <span class='ocrx_word' id='word_1_165' title='bbox 1107 2740 1408 2826; x_wconf 90' lang='lat' dir='ltr'>contemplationem</span> 
     </span>
     <span class='ocr_line' id='line_1_22' title="bbox 183 2857 1407 2924; baseline -0.002 0"><span class='ocrx_word' id='word_1_166' title='bbox 183 2881 216 2924; x_wconf 91' lang='lat' dir='ltr'>se</span> <span class='ocrx_word' id='word_1_167' title='bbox 240 2859 395 2923; x_wconf 82' lang='lat' dir='ltr'>extollere</span> <span class='ocrx_word' id='word_1_168' title='bbox 420 2858 585 2923; x_wconf 89' lang='lat' dir='ltr'>auderent.</span> <span class='ocrx_word' id='word_1_169' title='bbox 632 2857 684 2921; x_wconf 80' lang='lat' dir='ltr'>Sic</span> <span class='ocrx_word' id='word_1_170' title='bbox 708 2857 787 2922; x_wconf 77' lang='lat' dir='ltr'>Cato</span> <span class='ocrx_word' id='word_1_171' title='bbox 810 2857 865 2921; x_wconf 94' lang='lat' dir='ltr'>ille</span> <span class='ocrx_word' id='word_1_172' title='bbox 889 2857 1050 2921; x_wconf 89' lang='lat' dir='ltr'>censorius</span> <span class='ocrx_word' id='word_1_173' title='bbox 1074 2858 1196 2921; x_wconf 91' lang='lat' dir='ltr'>censuit</span> <span class='ocrx_word' id='word_1_174' title='bbox 1218 2857 1315 2922; x_wconf 88' lang='lat' dir='ltr'>trium</span> <span class='ocrx_word' id='word_1_175' title='bbox 1337 2857 1407 2922; x_wconf 90' lang='lat' dir='ltr'>illo·</span> 
     </span>
     <span class='ocr_line' id='line_1_23' title="bbox 182 2974 1407 3061; baseline -0.001 -21"><span class='ocrx_word' id='word_1_176' title='bbox 182 2998 253 3040; x_wconf 92' lang='lat' dir='ltr'>rum</span> <span class='ocrx_word' id='word_1_177' title='bbox 291 2976 487 3041; x_wconf 82' lang='lat' dir='ltr'>Graecorum</span> <span class='ocrx_word' id='word_1_178' title='bbox 525 2974 787 3061; x_wconf 89' lang='lat' dir='ltr'>philosophorum</span> <span class='ocrx_word' id='word_1_179' title='bbox 821 2975 1016 3059; x_wconf 88' lang='lat' dir='ltr'>legationem</span> <span class='ocrx_word' id='word_1_180' title='bbox 1054 2975 1277 3040; x_wconf 91' lang='lat' dir='ltr'>dimittendam</span> <span class='ocrx_word' id='word_1_181' title='bbox 1316 2996 1407 3058; x_wconf 88' lang='lat' dir='ltr'>esse,</span> 
     </span>
     <span class='ocr_line' id='line_1_24' title="bbox 184 3084 1409 3179; baseline -0.002 -23"><span class='ocrx_word' id='word_1_182' title='bbox 184 3093 355 3179; x_wconf 86' lang='lat' dir='ltr'>,quoniam</span> <span class='ocrx_word' id='word_1_183' title='bbox 376 3093 431 3156; x_wconf 92' lang='lat' dir='ltr'>illo</span> <span class='ocrx_word' id='word_1_184' title='bbox 454 3093 523 3156; x_wconf 78' lang='lat' dir='ltr'>viro</span> <span class='ocrx_word' id='word_1_185' title='bbox 547 3084 733 3176; x_wconf 74' lang='lat' dir='ltr'>(Carneade)</span> <span class='ocrx_word' id='word_1_186' title='bbox 756 3096 1002 3176; x_wconf 89' lang='lat' dir='ltr'>argumentante</span> <span class='ocrx_word' id='word_1_187' title='bbox 1025 3091 1101 3178; x_wconf 93' lang='lat' dir='ltr'>quid</span> <span class='ocrx_word' id='word_1_188' title='bbox 1123 3092 1192 3155; x_wconf 87' lang='lat' dir='ltr'>veri</span> <span class='ocrx_word' id='word_1_189' title='bbox 1215 3096 1298 3155; x_wconf 89' lang='lat' dir='ltr'>esset</span> <span class='ocrx_word' id='word_1_190' title='bbox 1321 3090 1409 3155; x_wconf 91' lang='lat' dir='ltr'>haud</span> 
     </span>
     <span class='ocr_line' id='line_1_25' title="bbox 185 3207 1407 3295; baseline -0.003 -21"><span class='ocrx_word' id='word_1_191' title='bbox 185 3211 295 3294; x_wconf 89' lang='lat' dir='ltr'>„facile</span> <span class='ocrx_word' id='word_1_192' title='bbox 330 3210 467 3274; x_wconf 88' lang='lat' dir='ltr'>discerni</span> <span class='ocrx_word' id='word_1_193' title='bbox 501 3211 628 3295; x_wconf 89' lang='lat' dir='ltr'>posset”</span> <span class='ocrx_word' id='word_1_194' title='bbox 646 3212 675 3292; x_wconf 70' lang='grc' dir='ltr'>ἵ).</span> <span class='ocrx_word' id='word_1_195' title='bbox 722 3209 803 3273; x_wconf 83' lang='lat' dir='ltr'>Oum</span> <span class='ocrx_word' id='word_1_196' title='bbox 837 3214 945 3272; x_wconf 89' lang='lat' dir='ltr'>autern</span> <span class='ocrx_word' id='word_1_197' title='bbox 982 3208 1200 3272; x_wconf 86' lang='lat' dir='ltr'>Romanorum</span> <span class='ocrx_word' id='word_1_198' title='bbox 1236 3207 1407 3292; x_wconf 87' lang='lat' dir='ltr'>imperium</span> 
     </span>
     <span class='ocr_line' id='line_1_26' title="bbox 181 3324 1407 3412; baseline -0.004 -20"><span class='ocrx_word' id='word_1_199' title='bbox 181 3329 248 3394; x_wconf 87' lang='lat' dir='ltr'>fere</span> <span class='ocrx_word' id='word_1_200' title='bbox 282 3334 385 3392; x_wconf 91' lang='lat' dir='ltr'>totum</span> <span class='ocrx_word' id='word_1_201' title='bbox 419 3327 528 3391; x_wconf 91' lang='lat' dir='ltr'>orbem</span> <span class='ocrx_word' id='word_1_202' title='bbox 562 3333 720 3391; x_wconf 87' lang='lat' dir='ltr'>terrarum</span> <span class='ocrx_word' id='word_1_203' title='bbox 755 3326 1019 3412; x_wconf 91' lang='lat' dir='ltr'>complecteretur</span> <span class='ocrx_word' id='word_1_204' title='bbox 1049 3332 1081 3390; x_wconf 93' lang='lat' dir='ltr'>et</span> <span class='ocrx_word' id='word_1_205' title='bbox 1105 3324 1246 3409; x_wconf 85' lang='lat' dir='ltr'>divitiis,</span> <span class='ocrx_word' id='word_1_206' title='bbox 1281 3331 1407 3410; x_wconf 91' lang='lat' dir='ltr'>praeter</span> 
     </span>
    </p>
   </div>
   <div class='ocr_carea' id='block_1_5' title="bbox 181 3441 1406 3529">
    <p class='ocr_par' dir='ltr' id='par_1_8' title="bbox 181 3441 1406 3529">
     <span class='ocr_line' id='line_1_27' title="bbox 181 3441 1406 3529; baseline -0.005 -19"><span class='ocrx_word' id='word_1_207' title='bbox 181 3444 311 3510; x_wconf 93' lang='lat' dir='ltr'>modum</span> <span class='ocrx_word' id='word_1_208' title='bbox 345 3444 464 3527; x_wconf 91' lang='lat' dir='ltr'>auctis,</span> <span class='ocrx_word' id='word_1_209' title='bbox 499 3445 629 3508; x_wconf 82' lang='lat' dir='ltr'>luxuria</span> <span class='ocrx_word' id='word_1_210' title='bbox 663 3450 695 3509; x_wconf 92' lang='lat' dir='ltr'>et</span> <span class='ocrx_word' id='word_1_211' title='bbox 729 3444 877 3529; x_wconf 85' lang='lat' dir='ltr'>voluptas</span> <span class='ocrx_word' id='word_1_212' title='bbox 899 3443 1062 3528; x_wconf 89' lang='lat' dir='ltr'>antiquam</span> <span class='ocrx_word' id='word_1_213' title='bbox 1084 3442 1273 3526; x_wconf 91' lang='lat' dir='ltr'>religionem</span> <span class='ocrx_word' id='word_1_214' title='bbox 1298 3441 1406 3505; x_wconf 89' lang='lat' dir='ltr'>debili-</span> 
     </span>
    </p>
   </div>
   <div class='ocr_carea' id='block_1_6' title="bbox 182 3705 1411 4529">
    <p class='ocr_par' dir='ltr' id='par_1_9' title="bbox 215 3705 477 3772">
     <span class='ocr_line' id='line_1_28' title="bbox 215 3705 477 3772; baseline -0.011 -15"><span class='ocrx_word' id='word_1_215' title='bbox 215 3707 235 3772; x_wconf 84' lang='lat'>1)</span> <span class='ocrx_word' id='word_1_216' title='bbox 269 3707 344 3757; x_wconf 85' lang='lat' dir='ltr'>Acad.</span> <span class='ocrx_word' id='word_1_217' title='bbox 363 3705 477 3766; x_wconf 83' lang='grc' dir='ltr'><strong>Ι.3,6.</strong></span> 
     </span>
    </p>

    <p class='ocr_par' dir='ltr' id='par_1_10' title="bbox 214 3800 501 3865">
     <span class='ocr_line' id='line_1_29' title="bbox 214 3800 501 3865; baseline -0.014 -14"><span class='ocrx_word' id='word_1_218' title='bbox 214 3801 236 3864; x_wconf 81' lang='lat'>²)</span> <span class='ocrx_word' id='word_1_219' title='bbox 270 3801 350 3865; x_wconf 83' lang='lat' dir='ltr'>Epist.</span> <span class='ocrx_word' id='word_1_220' title='bbox 368 3800 440 3860; x_wconf 87' lang='grc' dir='ltr'><strong>Ι.1,</strong></span> <span class='ocrx_word' id='word_1_221' title='bbox 462 3802 501 3847; x_wconf 86' lang='grc'>13.</span> 
     </span>
    </p>

    <p class='ocr_par' dir='ltr' id='par_1_11' title="bbox 214 3892 889 3961">
     <span class='ocr_line' id='line_1_30' title="bbox 214 3892 889 3961; baseline -0.004 -15"><span class='ocrx_word' id='word_1_222' title='bbox 214 3896 234 3961; x_wconf 80' lang='lat'>³)</span> <span class='ocrx_word' id='word_1_223' title='bbox 269 3895 496 3960; x_wconf 77' lang='lat' dir='ltr'>Epist.1.4‚15.</span> <span class='ocrx_word' id='word_1_224' title='bbox 532 3892 583 3942; x_wconf 75' lang='lat' dir='ltr'>aas.</span> <span class='ocrx_word' id='word_1_225' title='bbox 602 3892 747 3953; x_wconf 83' lang='lat' dir='ltr'>1.o,101.</span> <span class='ocrx_word' id='word_1_226' title='bbox 782 3895 889 3953; x_wconf 83' lang='lat' dir='ltr'>o‚1aa</span> 
     </span>
    </p>

    <p class='ocr_par' dir='ltr' id='par_1_12' title="bbox 216 3986 850 4055">
     <span class='ocr_line' id='line_1_31' title="bbox 216 3986 850 4055; baseline -0.006 -15"><span class='ocrx_word' id='word_1_227' title='bbox 216 3991 236 4055; x_wconf 70' lang='grc'>4)</span> <span class='ocrx_word' id='word_1_228' title='bbox 274 3987 502 4048; x_wconf 66' lang='lat' dir='ltr'>eiecerint,</span> <span class='ocrx_word' id='word_1_229' title='bbox 523 3992 549 4047; x_wconf 92' lang='lat' dir='ltr'>l,</span> <span class='ocrx_word' id='word_1_230' title='bbox 569 3991 591 4036; x_wconf 84' lang='lat'>3.</span> <span class='ocrx_word' id='word_1_231' title='bbox 625 3987 704 4051; x_wconf 84' lang='lat' dir='ltr'>Legg.</span> <span class='ocrx_word' id='word_1_232' title='bbox 721 3986 742 4036; x_wconf 89' lang='grc' dir='ltr'><strong>Ι.</strong></span> <span class='ocrx_word' id='word_1_233' title='bbox 762 3987 792 4047; x_wconf 85' lang='lat'>7,</span> <span class='ocrx_word' id='word_1_234' title='bbox 811 3990 850 4037; x_wconf 85' lang='lat'>21.</span> 
     </span>
    </p>

    <p class='ocr_par' dir='ltr' id='par_1_13' title="bbox 216 4081 845 4148">
     <span class='ocr_line' id='line_1_32' title="bbox 216 4081 845 4148; baseline -0.005 -14"><span class='ocrx_word' id='word_1_235' title='bbox 216 4086 235 4145; x_wconf 82' lang='lat'>⁵)</span> <span class='ocrx_word' id='word_1_236' title='bbox 269 4086 360 4148; x_wconf 86' lang='lat' dir='ltr'>Nepos.</span> <span class='ocrx_word' id='word_1_237' title='bbox 378 4084 430 4134; x_wconf 82' lang='lat' dir='ltr'>Act.</span> <span class='ocrx_word' id='word_1_238' title='bbox 450 4087 487 4132; x_wconf 80' lang='lat'>12.</span> <span class='ocrx_word' id='word_1_239' title='bbox 522 4082 573 4133; x_wconf 75' lang='lat' dir='ltr'>oie.</span> <span class='ocrx_word' id='word_1_240' title='bbox 591 4083 623 4132; x_wconf 89' lang='lat' dir='ltr'>ad</span> <span class='ocrx_word' id='word_1_241' title='bbox 638 4083 691 4133; x_wconf 81' lang='grc'><strong>1111.</strong></span> <span class='ocrx_word' id='word_1_242' title='bbox 710 4081 755 4132; x_wconf 88' lang='lat' dir='ltr'>IV.</span> <span class='ocrx_word' id='word_1_243' title='bbox 774 4086 803 4142; x_wconf 89' lang='lat'>6,</span> <span class='ocrx_word' id='word_1_244' title='bbox 822 4085 845 4131; x_wconf 91' lang='lat'>8.</span> 
     </span>
    </p>

    <p class='ocr_par' dir='ltr' id='par_1_14' title="bbox 182 4173 1411 4529">
     <span class='ocr_line' id='line_1_33' title="bbox 216 4173 1409 4246; baseline -0.004 -17"><span class='ocrx_word' id='word_1_245' title='bbox 216 4180 236 4246; x_wconf 72' lang='grc' dir='ltr'>ὓ)</span> <span class='ocrx_word' id='word_1_246' title='bbox 271 4179 356 4229; x_wconf 82' lang='lat' dir='ltr'>Cicero</span> <span class='ocrx_word' id='word_1_247' title='bbox 372 4183 455 4227; x_wconf 84' lang='lat' dir='ltr'>tamen</span> <span class='ocrx_word' id='word_1_248' title='bbox 471 4178 540 4229; x_wconf 86' lang='lat' dir='ltr'>aliud</span> <span class='ocrx_word' id='word_1_249' title='bbox 556 4177 652 4229; x_wconf 86' lang='lat' dir='ltr'>sentire</span> <span class='ocrx_word' id='word_1_250' title='bbox 664 4179 763 4229; x_wconf 85' lang='lat' dir='ltr'>videtur</span> <span class='ocrx_word' id='word_1_251' title='bbox 780 4178 900 4228; x_wconf 86' lang='lat' dir='ltr'>scribens:</span> <span class='ocrx_word' id='word_1_252' title='bbox 926 4174 1079 4240; x_wconf 86' lang='lat' dir='ltr'>„sapientiae</span> <span class='ocrx_word' id='word_1_253' title='bbox 1096 4175 1206 4226; x_wconf 89' lang='lat' dir='ltr'>studium</span> <span class='ocrx_word' id='word_1_254' title='bbox 1222 4181 1295 4226; x_wconf 87' lang='lat' dir='ltr'>vetus</span> <span class='ocrx_word' id='word_1_255' title='bbox 1311 4173 1337 4224; x_wconf 92' lang='lat' dir='ltr'>id</span> <span class='ocrx_word' id='word_1_256' title='bbox 1354 4173 1409 4239; x_wconf 93' lang='lat' dir='ltr'>qui·</span> 
     </span>
     <span class='ocr_line' id='line_1_34' title="bbox 183 4269 1411 4335; baseline -0.006 -10"><span class='ocrx_word' id='word_1_257' title='bbox 183 4276 239 4325; x_wconf 87' lang='lat' dir='ltr'>dem</span> <span class='ocrx_word' id='word_1_258' title='bbox 262 4275 289 4323; x_wconf 92' lang='lat' dir='ltr'>in</span> <span class='ocrx_word' id='word_1_259' title='bbox 305 4272 421 4323; x_wconf 86' lang='lat' dir='ltr'>nostris’&#39;.</span> <span class='ocrx_word' id='word_1_260' title='bbox 456 4273 529 4323; x_wconf 86' lang='lat' dir='ltr'>Tusc.</span> <span class='ocrx_word' id='word_1_261' title='bbox 555 4273 600 4324; x_wconf 83' lang='lat' dir='ltr'>IV.</span> <span class='ocrx_word' id='word_1_262' title='bbox 628 4277 650 4323; x_wconf 83' lang='lat'>3.</span> <span class='ocrx_word' id='word_1_263' title='bbox 676 4273 748 4323; x_wconf 81' lang='grc'><strong>111.</strong></span> <span class='ocrx_word' id='word_1_264' title='bbox 768 4278 789 4322; x_wconf 92' lang='lat' dir='ltr'>l.</span> <span class='ocrx_word' id='word_1_265' title='bbox 823 4273 890 4334; x_wconf 85' lang='lat' dir='ltr'>„Sed</span> <span class='ocrx_word' id='word_1_266' title='bbox 915 4288 998 4322; x_wconf 88' lang='lat' dir='ltr'>meum</span> <span class='ocrx_word' id='word_1_267' title='bbox 1015 4288 1110 4335; x_wconf 88' lang='lat' dir='ltr'>semper</span> <span class='ocrx_word' id='word_1_268' title='bbox 1125 4270 1246 4320; x_wconf 87' lang='lat' dir='ltr'>iudicium</span> <span class='ocrx_word' id='word_1_269' title='bbox 1263 4269 1313 4320; x_wconf 83' lang='lat' dir='ltr'>fuit</span> <span class='ocrx_word' id='word_1_270' title='bbox 1328 4270 1411 4320; x_wconf 80' lang='lat' dir='ltr'>omnia</span> 
     </span>
     <span class='ocr_line' id='line_1_35' title="bbox 182 4365 1411 4433; baseline -0.005 -13"><span class='ocrx_word' id='word_1_271' title='bbox 182 4375 279 4420; x_wconf 91' lang='lat' dir='ltr'>nostros</span> <span class='ocrx_word' id='word_1_272' title='bbox 303 4373 347 4418; x_wconf 87' lang='lat' dir='ltr'>ant</span> <span class='ocrx_word' id='word_1_273' title='bbox 371 4367 495 4418; x_wconf 87' lang='lat' dir='ltr'>invenisse</span> <span class='ocrx_word' id='word_1_274' title='bbox 519 4385 563 4433; x_wconf 90' lang='lat' dir='ltr'>per</span> <span class='ocrx_word' id='word_1_275' title='bbox 588 4386 613 4419; x_wconf 89' lang='lat' dir='ltr'>se</span> <span class='ocrx_word' id='word_1_276' title='bbox 636 4369 772 4433; x_wconf 84' lang='lat' dir='ltr'>sapientius</span> <span class='ocrx_word' id='word_1_277' title='bbox 798 4384 872 4433; x_wconf 85' lang='lat' dir='ltr'>quam</span> <span class='ocrx_word' id='word_1_278' title='bbox 896 4368 1012 4428; x_wconf 86' lang='lat' dir='ltr'>Graecos,</span> <span class='ocrx_word' id='word_1_279' title='bbox 1031 4373 1075 4417; x_wconf 88' lang='lat' dir='ltr'>aut</span> <span class='ocrx_word' id='word_1_280' title='bbox 1092 4372 1192 4430; x_wconf 86' lang='lat' dir='ltr'>accepta</span> <span class='ocrx_word' id='word_1_281' title='bbox 1208 4366 1239 4415; x_wconf 87' lang='lat' dir='ltr'>ab</span> <span class='ocrx_word' id='word_1_282' title='bbox 1255 4365 1307 4415; x_wconf 89' lang='lat' dir='ltr'>illis</span> <span class='ocrx_word' id='word_1_283' title='bbox 1323 4365 1411 4415; x_wconf 80' lang='lat' dir='ltr'>fecisse</span> 
     </span>
     <span class='ocr_line' id='line_1_36' title="bbox 183 4460 1409 4529; baseline -0.003 -16"><span class='ocrx_word' id='word_1_284' title='bbox 183 4463 310 4513; x_wconf 85' lang='lat' dir='ltr'>meliora&#39;&#39;.</span> <span class='ocrx_word' id='word_1_285' title='bbox 335 4464 365 4513; x_wconf 92' lang='lat' dir='ltr'>de</span> <span class='ocrx_word' id='word_1_286' title='bbox 392 4464 459 4513; x_wconf 88' lang='lat' dir='ltr'>Orat.</span> <span class='ocrx_word' id='word_1_287' title='bbox 484 4464 556 4524; x_wconf 81' lang='lat'>1.4‚</span> <span class='ocrx_word' id='word_1_288' title='bbox 584 4467 621 4514; x_wconf 79' lang='lat'>15.</span> <span class='ocrx_word' id='word_1_289' title='bbox 656 4464 724 4514; x_wconf 90' lang='lat' dir='ltr'>Huic</span> <span class='ocrx_word' id='word_1_290' title='bbox 741 4464 852 4529; x_wconf 91' lang='lat' dir='ltr'>opinioni</span> <span class='ocrx_word' id='word_1_291' title='bbox 868 4479 1006 4528; x_wconf 84' lang='lat' dir='ltr'>repugnare</span> <span class='ocrx_word' id='word_1_292' title='bbox 1022 4463 1121 4514; x_wconf 83' lang='lat' dir='ltr'>videtur</span> <span class='ocrx_word' id='word_1_293' title='bbox 1135 4460 1180 4510; x_wconf 83' lang='lat' dir='ltr'>illa</span> <span class='ocrx_word' id='word_1_294' title='bbox 1197 4461 1270 4511; x_wconf 79' lang='grc'><strong>11111.</strong></span> <span class='ocrx_word' id='word_1_295' title='bbox 1289 4460 1311 4510; x_wconf 93' lang='lat' dir='ltr'>I.</span> <span class='ocrx_word' id='word_1_296' title='bbox 1330 4464 1360 4522; x_wconf 86' lang='lat'>3,</span> <span class='ocrx_word' id='word_1_297' title='bbox 1380 4464 1409 4510; x_wconf 88' lang='lat'>6:</span> 
     </span>
    </p>
   </div>
   <div class='ocr_carea' id='block_1_7' title="bbox 183 4558 823 4720">
    <p class='ocr_par' dir='ltr' id='par_1_15' title="bbox 183 4558 823 4720">
     <span class='ocr_line' id='line_1_37' title="bbox 183 4558 823 4624; baseline 0.002 -15"><span class='ocrx_word' id='word_1_298' title='bbox 183 4559 360 4624; x_wconf 89' lang='lat' dir='ltr'>„Philosophia</span> <span class='ocrx_word' id='word_1_299' title='bbox 375 4558 453 4608; x_wconf 86' lang='lat' dir='ltr'>iacuit</span> <span class='ocrx_word' id='word_1_300' title='bbox 469 4574 547 4624; x_wconf 89' lang='lat' dir='ltr'>usque</span> <span class='ocrx_word' id='word_1_301' title='bbox 563 4560 674 4610; x_wconf 77' lang='lat' dir='ltr'>adhunc</span> <span class='ocrx_word' id='word_1_302' title='bbox 691 4559 823 4610; x_wconf 84' lang='lat' dir='ltr'>aetatem&#39;’.</span> 
     </span>
     <span class='ocr_line' id='line_1_38' title="bbox 215 4654 576 4720; baseline -0.003 -16"><span class='ocrx_word' id='word_1_303' title='bbox 215 4655 235 4720; x_wconf 74' lang='lat'>²)</span> <span class='ocrx_word' id='word_1_304' title='bbox 271 4655 335 4705; x_wconf 89' lang='lat' dir='ltr'>Plin.</span> <span class='ocrx_word' id='word_1_305' title='bbox 353 4654 386 4704; x_wconf 88' lang='lat' dir='ltr'>N.</span> <span class='ocrx_word' id='word_1_306' title='bbox 405 4655 439 4704; x_wconf 92' lang='lat' dir='ltr'>H.</span> <span class='ocrx_word' id='word_1_307' title='bbox 457 4654 518 4705; x_wconf 89' lang='lat' dir='ltr'>VII.</span> <span class='ocrx_word' id='word_1_308' title='bbox 537 4657 576 4703; x_wconf 84' lang='lat'>30.</span> 
     </span>
    </p>
   </div>
   <div class='ocr_carea' id='block_1_8' title="bbox 0 0 1602 5160">
    <p class='ocr_par' dir='ltr' id='par_1_16' title="bbox 0 0 1602 5160">
     <span class='ocr_line' id='line_1_39' title="bbox 0 0 1602 5160; baseline 0 0"><span class='ocrx_word' id='word_1_309' title='bbox 0 0 1602 5160; x_wconf 95' lang='lat' dir='ltr'> </span> 
     </span>
    </p>
   </div>
  </div>
 </body>
</html>
