3196 5160
708 196 769 257 154

128 402 198 468 ταῖς
233 391 384 479 ἐκβολαῖς
419 402 475 460 τοῐι
507 401 650 478 ποταμοῦ
681 396 812 461 κωλύειν
846 399 889 472 εἰς
912 396 1076 461 θάλατταν
1098 399 1292 482 προχεῖσθαι
1313 397 1349 460 τὸ

126 507 242 594 ῥεῦμα,
265 515 314 575 καὶ
338 508 386 577 διὰ
410 512 493 576 τοῦτ’
515 513 612 577 αὐτὸν
635 512 858 596 πληρούμενον
881 511 1056 586 ἐπικλύζειν
1079 514 1227 588 ταπεινὴν
1249 511 1351 578 οὖσαν

127 631 176 691 καὶ
192 624 319 692 πεδιάδα
334 631 392 703 τὴν
412 628 572 713 Αἴγυπτον
588 628 694 710 (Diod.
712 628 774 693 Sic.
790 630 815 692 I.
834 650 902 714 cap.
920 630 971 692 38.
989 631 1032 711 2).
1051 629 1198 693 Secunda
1209 629 1352 714 explica-

128 742 174 806 tio
190 742 264 806 huic
280 744 440 808 simillima
451 751 510 827 cet,
530 745 614 830 quod
629 744 785 828 harenae,
801 746 880 810 mari
896 746 1044 831 procellis
1059 752 1202 831 permoto
1214 746 1353 811 collatae

130 864 164 922 et
186 861 366 924 cumulatae
388 862 422 924 in
436 862 574 925 fluminis
590 862 696 944 ostiis,
719 863 825 925 minus
840 861 976 925 liberum
992 862 1109 926 faciant
1124 862 1250 927 exitum
1265 861 1353 927 amni

128 978 187 1060 (vs.
206 979 378 1061 724-28).
402 980 491 1054 Quae
506 987 602 1064 pocta
616 987 728 1065 quarto
744 979 813 1043 loco
828 980 965 1064 profert:
986 979 1135 1061 ,forsitan
1151 978 1354 1066 Aethiopum

128 1094 257 1178 penitus
280 1095 319 1159 de
341 1096 501 1160 montibus
524 1095 597 1159 altis
619 1102 759 1177 crescat,
783 1096 838 1159 ubi
861 1097 894 1158 in
910 1117 1037 1180 campos
1053 1096 1140 1159 albas
1157 1095 1353 1161 descendere

128 1211 265 1295 ningues
298 1212 433 1277 tabificis
462 1213 582 1297 subigit
604 1212 700 1275 radiis
723 1212 770 1275 sol
793 1212 900 1275 omnia
921 1211 1081 1274 lustraus’'
1105 1214 1161 1293 (vs.
1188 1213 1351 1289 735-37)

1468 1145 1487 1185 ε

128 1333 201 1391 sunt
223 1327 458 1414 Anaxagorae:
482 1329 704 1416 Ἀναξαγόρας
727 1327 777 1395 δ’ὁ
801 1330 932 1415 φυσικὸς
956 1330 1136 1414 ἀπεφήνατο
1155 1338 1212 1404 τῆς
1228 1326 1352 1415 ἆναβό·
1430 1375 1487 1395 .-

1420 1459 1472 1516 S

128 1471 207 1520 σεως
239 1448 339 1510 αἰτίαν
362 1445 438 1511 εἰναι
461 1448 518 1520 τὴν
541 1449 712 1528 τηκομένην
736 1446 829 1530 χιόνα
854 1447 930 1510 κατὰ
952 1446 1009 1519 τὴν
1036 1448 1224 1526 Αἰθιοπίαν,
1256 1441 1352 1530 ᾦκαὶ

130 1564 148 1624 ὁ
171 1564 302 1637 ποιητὴς
326 1559 499 1647 Εὐριπίδης
520 1564 661 1643 μαθητὴς
685 1561 729 1626 ὢν
752 1561 950 1638 ἠκολούθηκε
974 1582 981 1596 ·
1005 1561 1090 1646 λεγει
1111 1566 1194 1645 γοῦν

304 1679 420 1744 Νείλου
442 1679 546 1744 λιπὼν
569 1679 744 1745 κάλλιστον
767 1681 799 1744 ἐκ
821 1683 916 1764 γαίας
941 1676 1043 1764 ὕδωρ,

304 1798 341 1875 ὃς
364 1799 395 1862 ἐκ
416 1795 653 1882 μελαμβρότοιο
676 1795 851 1881 πληροῦται
872 1793 955 1880 ῥοὰς

304 1911 491 1990 Αἰθιοπίδος
513 1924 574 1999 γῆς
584 1963 593 1991 ,
628 1913 707 1989 ἡνίκ’
730 1913 769 1978 ἂν
792 1918 869 1998 τακῇ
892 1913 971 1998 χιών
996 1911 1103 1995 (Diod.
1137 1911 1176 1994 I,
1200 1912 1265 1993 38,
1290 1913 1333 1994 4).

175 2030 377 2094 Democritus
399 2030 481 2095 hanc
504 2030 686 2116 opinionem
708 2029 846 2111 refellit,
875 2035 991 2114 putans
1013 2029 1177 2115 aquilones
1198 2028 1314 2092 nubila
1337 2047 1355 2092 e
1446 2030 1487 2072 ἔ

134 2148 349 2234 septentrione
382 2148 549 2212 meridiem
582 2168 692 2211 versus
724 2147 903 2232 propellere
926 2167 1026 2233 usque
1050 2146 1125 2209 dum
1147 2146 1204 2210 alti
1227 2153 1357 2211 montes
1441 2149 1487 2193 Ε

131 2265 165 2328 in
198 2265 373 2352 Aethiopia
395 2267 447 2329 siti
481 2287 519 2329 ea
551 2266 731 2347 retineant,
766 2287 827 2351 quo
850 2265 906 2338 fiat
928 2270 964 2328 ut
985 2264 1065 2329 haec
1087 2271 1174 2329 terra
1195 2264 1360 2329 imbribus
1435 2267 1487 2313 Ε

130 2382 312 2467 operiatur,
348 2382 403 2468 qui
438 2382 550 2446 Nilum
586 2383 739 2445 nutriant.
801 2383 997 2467 Δημόκριτος
1032 2378 1063 2447 δὲ
1101 2386 1119 2446 ὁ
1153 2379 1361 2467 Ἀβδηρίτης
1439 2393 1487 2440 ’ἓ

130 2503 225 2583 φησὶν
255 2499 292 2563 ού
323 2499 380 2563 τὸν
409 2503 478 2584 περὶ
512 2501 569 2574 τὴν
599 2495 798 2583 μεσημβρίαν
828 2498 929 2562 τόπον
960 2496 1177 2582 χιονίζεσθαι,
1210 2500 1360 2585 καθάπερ
1442 2510 1481 2547 ί

131 2616 246 2700 εἴρηκεν
290 2615 463 2702 Εὐριπίδης
498 2620 546 2681 καί
585 2615 824 2701 Ἀναξαγόρας,
868 2621 916 2680 καὶ
960 2622 1054 2680 τοῦτο
1100 2618 1233 2700 ἐμφανὲς
1277 2617 1392 2684 εἶναι
1436 2633 1472 2670 ³

130 2737 206 2799 πᾶσι
243 2763 269 2799 κ.
307 2762 334 2798 τ.
357 2732 534 2799 ahtoda
558 2734 599 2796 39
631 2731 683 2813 (cf.
715 2751 760 2794 vs.
790 2733 983 2810 rua-734).
1007 2731 1172 2816 Temporis
1206 2732 1234 2796 si
1256 2735 1388 2799 ratio-
1440 2755 1465 2769 ⁶

129 2869 204 2912 nem
233 2848 416 2932 habuisset,
447 2849 553 2931 hanc,
577 2870 671 2935 quam
695 2848 789 2912 tertio
812 2849 880 2912 loco
905 2849 1079 2934 proponit,
1103 2849 1381 2934 explicationem.
1443 2860 1458 2899 1

130 2971 323 3050 postremam
361 2967 498 3031 scribere
535 2966 689 3030 debuerat
722 2972 838 3051 poeta,
876 2965 961 3051 quod
998 2987 1071 3055 oum
1107 2987 1172 3030 non
1220 2966 1371 3053 iecerit,

130 3083 258 3147 credere
290 3083 366 3148 licet
398 3105 471 3148 eum
505 3084 666 3169 Euripidis
701 3083 889 3147 auctoritate
923 3083 1095 3146 adductum
1117 3104 1207 3165 esee,
1238 3091 1278 3148 ut
1303 3108 1377 3172 po-

129 3200 287 3264 tissimum
319 3200 394 3265 huic
430 3200 643 3285 Anaxagorae
681 3200 822 3285 opinioni
858 3200 1075 3264 assentiretur.
1121 3200 1205 3263 Eum
1245 3201 1373 3286 ipsum

129 3316 211 3380 nihil
246 3316 286 3382 ad
318 3318 463 3402 magistri
485 3318 663 3403 expositam
687 3317 862 3381 doctrinam
885 3316 1063 3399 addidisse,
1098 3316 1172 3380 inde
1194 3327 1370 3405 apparet,

129 3434 214 3519 quod
236 3455 344 3498 corum
368 3440 491 3498 tantum
520 3434 678 3497 doctrinas
705 3433 892 3518 descripsit,
916 3433 970 3518 qui
985 3431 1124 3517 Epicuro
1140 3438 1248 3497 aetate
1261 3457 1375 3522 supe-

129 3552 228 3616 riores
251 3559 342 3617 erant
364 3559 396 3616 et
419 3559 555 3634 ceteros,
579 3552 631 3637 qui
657 3551 753 3614 etiam
777 3551 815 3614 de
838 3549 988 3614 hocloco
1012 3559 1144 3634 egerant
1166 3556 1199 3614 ct
1217 3573 1374 3636 quorum

131 3670 251 3755 placita
265 3671 424 3735 Diodorus
445 3670 471 3734 I.
496 3672 621 3734 39-41
646 3668 763 3751 refert,
786 3689 915 3753 prorsus
937 3668 1091 3752 neglexit.

172 3789 295 3853 Eodem
317 3789 473 3874 principio
496 3788 628 3870 ductus,
653 3808 714 3872 quo
736 3791 831 3850 antea
860 3785 999 3848 diximus
1028 3785 1214 3849 Lucretium
1229 3793 1373 3853 motum

131 3927 217 3989 esse,
252 3914 288 3970 ut
322 3912 410 3970 certa
442 3904 665 3991 phaenomena
686 3903 816 3968 uberius
839 3904 1032 3988 explicaret,
1069 3896 1118 3966 de'
1131 3903 1229 3986 locis,
1272 3927 1369 3992 quae

130 4022 260 4088 Averna
288 4029 400 4105 vocat,
435 4022 565 4086 uberius
599 4021 725 4085 disserit
749 4022 807 4103 (vs.
833 4020 1027 4102 738-848).
1073 4019 1195 4094 Quibus
1218 4020 1253 4083 in
1278 4023 1369 4088 locis

130 4161 215 4205 mors
247 4161 381 4225 regnare
412 4139 598 4221 videbatur;
633 4138 710 4202 deos
732 4136 848 4200 deosve
871 4136 915 4200 ibi
938 4137 1072 4221 vigilare
1095 4137 1266 4223 quominus
1290 4143 1367 4206 ani·

130 4258 226 4322 malia
258 4258 415 4323 intrarent
439 4259 635 4340 (753—54),
668 4257 722 4320 vel
743 4255 916 4320 inferorum
937 4255 982 4318 ibi
1005 4261 1112 4340 portas
1135 4276 1204 4319 esse
1228 4261 1264 4321 et
1288 4259 1364 4323 ani·

130 4396 198 4439 mas
220 4373 294 4438 hino
317 4396 337 4438 a
359 4375 419 4439 diis
441 4374 636 4440 Acheruntis
659 4375 692 4437 in
715 4395 786 4438 oras
809 4373 902 4455 duci,
925 4372 1069 4437 cecinere
1093 4377 1218 4457 poetae.
1270 4375 1357 4440 (lum

131 4512 208 4578 ergo
242 4491 397 4556 eiusmodi
426 4492 574 4577 regiones
604 4491 769 4557 hominum
799 4491 922 4557 animos
944 4496 1064 4554 terrore
1088 4495 1120 4553 et
1143 4510 1264 4574 angore
1287 4490 1348 4557 affi

21 4738 129 4780 ’,κ
