3196 5160
752 319 814 383 138

182 519 276 601 „dere
299 522 418 608 apertis
440 521 637 586 consimilem
660 521 771 604 lactis,
806 521 888 585 sicut
911 542 996 584 nunc
1018 520 1138 584 femina
1161 540 1306 606 quaeque
1330 539 1401 582 cum
1461 581 1463 586 .

181 637 345 722 „peperit‚
379 637 464 703 dulci
498 638 639 723 repletur
662 639 765 720 lacte,
800 637 885 723 quod
907 638 1008 702 omnis
1031 638 1170 722 impetus
1193 638 1226 700 11
1248 656 1404 699 mammas

183 755 395 834 „convertitur
409 755 463 819 1116
479 756 644 819 alimenti.
661 761 746 818 terra
762 755 868 819 cibum
883 756 1008 840 pueris,
1032 760 1156 818 vestem
1171 775 1286 838 vapor,
1302 752 1405 816 herba

183 870 306 950 „cubile
328 871 502 956 praebebat
524 872 624 935 multa
647 879 679 935 et
701 873 789 936 molli
811 873 963 957 lanugine
987 872 1151 935 abundans
1185 921 1191 934 .
1224 877 1256 934 at
1279 871 1406 934 novitas

185 987 313 1068 „mundi
348 1009 407 1052 nec
436 989 554 1073 frigora
587 989 666 1052 dura
699 990 803 1054 ciebat
832 1011 890 1053 nec
921 990 1036 1053 nimios
1067 995 1174 1053 aestus
1196 1009 1256 1052 166
1279 989 1407 1072 magnis

185 1102 323 1183 „viribus
346 1125 438 1168 auras
462 1153 469 1167 .
494 1105 600 1168 omnia
622 1105 707 1168 enirn
729 1105 848 1190 pariter
870 1111 1016 1168 crescunt
1031 1112 1063 1168 et
1078 1105 1191 1168 robora
1207 1104 1358 1167 sumunt”
1375 1103 1406 1185 ¹).

181 1218 281 1284 Terra
309 1226 503 1285 tamennon
525 1228 679 1308 perpetuo
703 1222 814 1286 eadem
839 1223 977 1305 mansit3
1001 1223 1173 1285 nonenim
1197 1227 1324 1301 „manet
1339 1220 1408 1284 ulla

181 1338 230 1401 sui
264 1338 376 1402 similis
408 1341 490 1403 res’'.
536 1340 641 1403 Desiit
671 1360 804 1425 parere,
843 1347 897 1422 „ut
930 1339 1045 1403 mulier
1081 1339 1182 1424 spatio
1206 1336 1330 1401 defessa
1350 1357 1409 1400 ve-

181 1455 287 1519 tust0'’
304 1452 337 1539 2).
361 1494 402 1502 -
425 1456 517 1521 Haec
540 1457 696 1542 poematis
718 1478 791 1542 pars
813 1457 1015 1541 prosequitur
1038 1454 1213 1519 doctrinam
1237 1453 1275 1517 de
1293 1453 1409 1516 mundi

181 1579 253 1637 ortu
285 1596 331 1638 vs.
366 1577 538 1640 416-508
569 1576 770 1660 expositam,
805 1596 901 1660 quam
935 1573 1074 1637 vidimus
1104 1573 1145 1636 ab
1172 1572 1311 1657 Epicuro
1335 1591 1410 1634 6666

181 1697 350 1776 sumptam.
404 1691 496 1766 Quod
531 1693 598 1756 iam
627 1698 814 1777 argumento
837 1713 905 1756 esse
928 1696 1057 1776 posset,
1094 1712 1150 1754 cur
1174 1689 1257 1753 hanc
1281 1694 1410 1774 partem

182 1829 308 1894 quoquc
342 1830 385 1873 ex
419 1808 551 1895 Epicuri
575 1811 700 1896 scriptis
723 1809 870 1874 haustam
893 1830 961 1874 esse
988 1814 1183 1894 putaremus.
1228 1806 1292 1871 Sed
1313 1807 1412 1891 plura

183 1931 257 1989 sunt
290 1926 417 1991 indicia.
463 1927 622 1992 Diodorus
654 1926 818 2010 81611161)
855 1927 940 1991 euim
972 1926 1070 1990 refert
1092 1926 1189 1989 fuisse
1212 1924 1303 1987 initio
1329 1926 1411 2005 „triv

182 2054 245 2129 γῆν
278 2041 408 2121 πηλόιδη
440 2050 488 2111 καὶ
522 2045 689 2121 παντελῶς
719 2045 847 2121 ιἰπαλὴν
872 2094 879 2108 .
903 2048 1019 2121 ταυτὴν
1053 2041 1084 2109 δὲ
1119 2045 1154 2108 τὸ
1189 2047 1244 2122 μὲν
1277 2046 1412 2127 πρῶτον

182 2168 239 2227 τοῦ
273 2167 342 2248 περὶ
376 2164 434 2228 τὸν
469 2164 563 2241 ἥλιον
597 2164 698 2249 πυρὸς
734 2163 997 2247 καταλάμψαντος
1031 2160 1125 2237 πῆξιν
1149 2158 1281 2245 λαβεῖν,
1305 2159 1411 2223 ἔπειτα

184 2274 247 2343 διὰ
292 2281 364 2356 τὴν
407 2284 636 2365 θερμασίαν
674 2280 929 2361 ἀναζυμουμένης
967 2289 1022 2354 τῆς
1061 2280 1256 2362 ἐπιφανείας,
1302 2303 1411 2339 συνοι-

183 2392 276 2470 δῆσαί
311 2425 380 2463 τινα
416 2401 495 2463 τῶν
532 2399 670 2483 ὑγρῶν
709 2399 785 2462 κατὰ
822 2395 971 2471 πολλοὺς
1005 2397 1144 2474 τόπους,
1177 2398 1225 2459 καὶ
1260 2394 1412 2478 γενέσθαι

182 2519 251 2599 περὶ
275 2515 354 2580 αὑτὰ
385 2513 610 2591 σηπεδόνας
645 2518 754 2598 ὑμέσι
785 2513 954 2589 λεπτοῖς
980 2515 1264 2598 περιεχομένας
1286 2508 1336 2593 (cf.
1362 2531 1411 2573 vs·

184 2632 344 2714 805-8),
383 2635 474 2717 ὅπερ
512 2635 664 2706 ἐντοῖς
700 2631 806 2697 ἕλεσι
844 2635 899 2696 καὶ
938 2639 1021 2705 τοῖς
1062 2628 1413 2711 λιμνιίζουσιτῶν

183 2749 318 2813 τόπων
342 2747 394 2814 ἔτι
417 2753 479 2813 καὶ
503 2757 577 2813 νῦν
601 2751 775 2833 ὁρῖισθαι
798 2748 1040 2832 γινόμενον,
1071 2742 1194 2810 ἐπειδὰν
1218 2753 1274 2818 τῆς
1298 2743 1414 2828 χώρας

184 2867 415 2951 κατεψυγμένης
444 2865 533 2951 ι’ίφνω
558 2863 710 2950 διάπυρος
735 2869 752 2929 ὁ
776 2866 835 2949 ἀὴρ
858 2867 1005 2949 γένηται,
1037 2865 1078 2941 μὴ
1102 2859 1218 2946 λαβὼν
1241 2861 1300 2936 τὴν
1323 2887 1415 2941 μετα·

182 2977 293 3065 βολὴυ
316 2984 347 3046 ἐκ
369 2990 424 3047 τοῦ
449 2983 514 3047 κατ’
539 2985 655 3067 ὀλίγον
676 2982 767 3062 (797,
792 2981 860 3063 98).
885 2979 1156 3064 ζωογονουμένων
1173 2975 1204 3041 δὲ
1221 2979 1284 3040 τῶν
1298 2975 1415 3061 ὑγρῶν

184 3095 233 3164 διὰ
268 3110 323 3175 τῆς
356 3103 529 3185 θερμασίας
563 3101 619 3164 τὸν
654 3102 813 3184 εἰρημένου
847 3100 986 3181 τρόπον.
1020 3099 1078 3170 τὰς
1099 3100 1155 3174 μὲν
1179 3096 1294 3168 νόκτας
1329 3092 1415 3175 λαμ·

182 3213 295 3301 βόνειν
329 3217 438 3282 αὐτίκα
470 3219 528 3293 τὴν
558 3219 680 3301 τροφὴν
703 3218 735 3280 ἐκ
756 3226 812 3290 τῆς
836 3217 1013 3291 πιπτούσης
1037 3211 1179 3276 ἀπὸτοῦ
1204 3212 1416 3295 περιέχοντος

184 3333 344 3420 ὁμίχλης,
367 3335 424 3409 τὰς
448 3331 474 3401 δ’
489 3337 605 3418 ἡμέρας
628 3333 690 3397 ὑπὸ
714 3338 770 3395 τοῦ
794 3334 950 3412 καύματος
975 3333 1195 3414 στερεοῦσθαι,
1218 3329 1254 3391 τὸ
1272 3324 1298 3392 δ’
1313 3327 1416 3413 ἕσχα-

183 3478 261 3528 τον,
294 3454 359 3516 τῶν
382 3453 643 3535 κυοφορουμένων
666 3450 724 3524 τὴν
746 3447 868 3511 τελείαν
892 3443 1024 3520 αὔξησιν
1049 3441 1243 3528 λαβόντων,
1272 3446 1322 3506 καὶ
1346 3447 1416 3508 τῶν

185 3569 306 3649 ὑμένων
341 3565 569 3632 διακαυθέντων
603 3594 634 3630 τε
669 3571 716 3630 καὶ
749 3567 998 3650 περιρραγέντων
1034 3562 1107 3642 (809
1143 3580 1228 3645 seqq.
1256 3579 1336 3642 quos
1359 3559 1418 3622 ubi

187 3690 321 3768 tempore
358 3690 484 3746 metare
516 3682 712 3766 patefecerat
752 3688 877 3762 oestuo,
920 3681 1005 3760 cett.)
1040 3680 1216 3762 ἀναφυῆναι
1256 3674 1418 3743 παντοδα-

184 3805 268 3877 ποὺς
300 3804 420 3875 τόπους
454 3800 546 3875 ζώων
569 3819 576 3834 ·
603 3802 725 3864 τούτων
748 3796 780 3864 δὲ
803 3799 840 3862 τὰ
863 3801 919 3880 μὲν
942 3794 1094 3870 πλείστης
1117 3797 1290 3879 θερμασίας
1316 3819 1419 3857 κεκοι·

186 3921 371 4002 νωνηκότα,
403 3920 484 4005 πρὸς
506 3921 582 3993 τοὺς
603 3918 775 4002 μετεώρους
797 3919 917 3994 τόπους
940 3914 1092 3981 ἀπελθεῖν
1099 3961 1107 3988 ,
1131 3914 1284 3997 γενόμενα
1306 3915 1419 3990 πτηνά

186 4038 257 4120 (801
284 4038 408 4123 seqq.),
442 4037 480 4102 τὰ
514 4033 546 4102 δὲ
581 4032 722 4121 γεώδους
755 4034 949 4119 ἀντεχόμενα
980 4033 1176 4116 συγκρίσεως
1213 4031 1248 4094 ἐν
1280 4033 1319 4114 τῇ
1347 4033 1418 4094 τῶν

187 4158 323 4241 ἑρπετῶν
358 4160 406 4221 καὶ
441 4158 509 4220 τῶν
535 4153 647 4219 ἄλλων
680 4160 744 4217 τῶν
779 4153 921 4236 ἐπιγείων
944 4146 1029 4222 τάξει
1052 4150 1320 4232 καταριθμηθῆναι
1343 4167 1350 4181 ·
1375 4147 1419 4213 τὰ

218 4478 238 4542 1)
273 4477 316 4527 Vs.
335 4479 455 4526 soc-ao.

217 4573 238 4634 η
271 4570 314 4621 vs.
333 4574 454 4652 ser-ss.

217 4667 239 4734 ³)
273 4666 328 4716 Lu.
347 4666 378 4726 1,
397 4680 449 4728 erp.
469 4665 492 4717 7.
