3196 5160
186 494 307 559 vocavi.
352 492 452 557 Grata
474 491 553 555 mihi
576 512 701 576 semper
724 490 785 554 erit
807 491 979 575 temporis,
1003 491 1087 577 quod
1110 497 1142 556 te
1162 491 1252 576 duce,
1268 493 1407 578 Belgicis

185 639 327 726 impendi
348 639 486 722 litteris,
509 638 673 702 memoria.

244 787 337 864 Quod
367 787 392 852 si
424 788 458 850 in
492 808 590 872 parvo
624 786 684 850 hoc
706 785 814 850 libello
837 808 901 850 non
923 786 1038 850 desunt
1070 786 1288 873 philosophiae
1310 789 1408 854 studii

178 942 219 1000 et
252 935 368 999 amoris
401 934 559 1018 vestigia,
590 932 649 996 tibi
680 931 828 1016 debetur,
852 932 1047 997 nobilissime
1070 939 1103 997 et
1126 933 1298 999 clarissime
1320 957 1351 1000 v.
1377 935 1406 1000 d.

185 1081 316 1166 WiJck,
346 1082 402 1168 qui
431 1082 552 1166 primus
581 1086 670 1145 tanto
701 1080 919 1166 philosophiae
950 1080 1061 1145 ardore
1094 1102 1145 1145 me
1175 1081 1338 1166 imbuisti,
1369 1089 1406 1147 ut

184 1230 257 1316 plus
287 1229 343 1293 otii
378 1250 472 1315 quam
504 1228 607 1292 adhuc
641 1227 746 1292 studia
780 1249 852 1292 mea
886 1228 1083 1312 concedunt,
1117 1229 1191 1294 huic
1220 1230 1405 1317 disciplinae

183 1376 352 1463 aliquando
375 1397 427 1440 me
449 1374 634 1461 impendere
657 1397 749 1460 posse
772 1376 916 1460 gestiam.

226 1525 320 1607 Tibi,
345 1524 525 1589 doctissime
549 1529 581 1587 et
604 1523 777 1588 clarissime
800 1524 932 1588 Hecker
955 1530 1082 1609 gratum
1104 1525 1208 1589 refero
1231 1526 1257 1589 si
1280 1527 1357 1620 quid
1371 1528 1405 1591 in

180 1675 314 1739 historia
337 1675 445 1760 sapio:
469 1680 525 1738 tua
547 1673 613 1736 sola
639 1672 779 1736 sollertia
804 1671 1008 1756 factumest,
1033 1678 1068 1736 ut
1083 1673 1248 1756 ingenium
1270 1695 1402 1757 meum,

181 1843 288 1887 rerum
317 1827 479 1906 gestarum
507 1819 610 1884 studio
634 1841 747 1905 pamm
770 1825 900 1904 aptum,
924 1824 1078 1904 quantum
1100 1819 1251 1884 historiae
1267 1821 1406 1905 cognitio
1495 1843 1497 1848 ’

183 1970 294 2034 afferat
317 1974 349 2032 et
372 1967 544 2052 voluptatis
567 1973 600 2030 et
621 1966 788 2049 utilitatis,
811 1965 1020 2050 perspexerit.

223 2117 337 2202 Neque
371 2122 459 2180 tuam
490 2134 566 2197 erga
599 2133 650 2176 me
684 2112 942 2176 benevolentiam
975 2113 1195 2197 praetermitto
1230 2113 1403 2178 clarissime

180 2264 337 2344 Valeton,
363 2264 417 2350 qui
440 2268 513 2327 ante
536 2261 594 2325 hos
617 2267 739 2347 septem
762 2283 861 2325 annos
883 2263 1003 2346 primus
1030 2281 1146 2345 graece
1175 2261 1308 2327 docuisti
1330 2284 1401 2341 me,

180 2412 288 2497 itaque
312 2411 428 2496 partim
450 2408 692 2472 fundamentum
715 2408 819 2473 iecisti
841 2408 1050 2494 posteriorum
1062 2429 1205 2472 meorum
1218 2409 1402 2473 studiorum.

224 2556 314 2640 Tibi,
349 2557 450 2620 amice
482 2555 598 2640 Segers
629 2555 701 2635 (hoc
736 2556 847 2640 pulcro
885 2555 1013 2619 nomine
1048 2561 1080 2619 te
1111 2556 1301 2640 compellare
1324 2555 1404 2620 mihi

181 2704 306 2786 liceat),
331 2704 385 2789 qui
408 2703 529 2788 primus
551 2702 650 2766 latine
673 2723 725 2766 me
750 2702 865 2766 docens
888 2724 960 2766 cum
983 2702 1046 2767 alia
1069 2701 1174 2766 studia
1196 2703 1259 2766 iam
1285 2704 1403 2787 partim

181 2850 386 2916 absolvissem
417 2871 532 2913 novam
555 2849 644 2912 viam
666 2848 747 2912 inire
769 2847 847 2912 mihi
867 2849 1073 2934 persuasisti,
1097 2849 1151 2934 qui
1166 2847 1207 2911 ad
1222 2849 1324 2913 multa
1339 2850 1404 2914 alia

183 2997 337 3062 beneficia
358 2996 419 3060 hoc
442 2996 592 3061 addidisti
611 2995 696 3082 quod
710 2995 966 3080 peregrinantem
981 3016 1032 3059 me
1045 2994 1195 3079 Lugduni
1207 2996 1403 3061 Batavorum

182 3154 273 3232 grato
301 3146 439 3232 hospitio
462 3145 633 3231 accepisti,
656 3145 701 3208 ita
724 3151 759 3207 ut
789 3143 870 3208 domi
893 3150 967 3210 tuae
989 3146 1163 3209 maximam
1184 3145 1279 3210 huius
1301 3146 1401 3210 libelli

181 3300 304 3380 partem
340 3292 598 3378 conscripserim,
630 3290 690 3355 tibi
711 3290 771 3354 hoc
795 3292 981 3375 opusculum
1004 3313 1127 3356 sacrum
1151 3313 1219 3357 esse
1242 3292 1335 3375 volo,
1359 3312 1399 3355 ne

180 3443 333 3508 memoria
354 3448 480 3505 nostrae
504 3439 742 3506 consuetudinis
765 3439 976 3502 oblitteretur.

224 3591 292 3656 Vos
315 3609 424 3654 omnes
447 3587 568 3652 credite
591 3607 642 3650 me
666 3607 791 3671 semper
814 3608 894 3672 quae
918 3609 936 3651 a
960 3587 1051 3651 vobis
1073 3587 1157 3652 bona
1178 3586 1285 3651 audivi
1309 3592 1402 3671 grata

180 3737 333 3802 memoria
354 3733 590 3799 reconditmum
613 3754 691 3797 esse.

222 3884 330 3970 Atque
363 3905 437 3967 vos,
472 3881 565 3947 amici
595 3901 722 3964 omnes,
754 3880 942 3966 quibuscum
964 3881 1060 3945 variis
1083 3881 1241 3946 amicitiae
1263 3879 1399 3945 vinculis

181 4033 368 4098 coniunctus
390 4053 498 4115 eram,
521 4030 638 4095 valete.
