3196 5160
778 301 837 362 126

192 511 286 591 atque
322 504 360 568 de
395 505 471 568 luna
504 503 641 585 similia,
674 523 745 566 eam
768 508 890 567 tantam
915 524 1005 586 esse,
1040 512 1160 590 quanta
1181 504 1272 568 nobis
1295 504 1331 566 in
1355 504 1421 569 0110

190 624 336 688 videatur
360 624 469 706 (584),
493 644 565 686 oum
589 621 703 685 deinde
726 644 834 685 rursus
857 622 953 685 addat
976 623 1115 686 aetheris
1138 623 1228 706 ignes
1255 623 1422 708 ,pauxillo

189 761 281 827 posse
297 741 435 804 minores
447 759 515 802 esse
527 739 580 802 vel
596 740 715 822 exigua
729 739 864 802 maiores
879 746 969 823 parte
981 739 1165 825 brevique’'.
1189 740 1308 804 Procul
1322 739 1422 803 dubio

190 859 323 944 Epicuri
357 856 539 942 opinionem
561 877 626 919 non
648 856 814 941 perspexit
836 861 940 941 poeto.
986 855 1164 941 Epicurus,
1203 857 1422 920 etiamsinon

191 976 452 1041 animadverterit
489 974 583 1056 ,solis
617 973 739 1038 rotam'’
775 980 896 1037 aestate
931 975 998 1037 sive
1021 975 1054 1036 in
1077 975 1181 1038 cancri
1204 979 1291 1038 meta
1315 974 1422 1037 solsti-

190 1093 259 1157 tiali
291 1093 382 1156 nobis
415 1091 571 1155 minorem
593 1089 695 1153 videri
719 1112 815 1176 quam
837 1112 935 1176 quum
961 1091 1132 1172 „brumalis
1154 1090 1248 1155 adeat
1272 1092 1420 1173 flexus’',

190 1217 298 1274 tamen
332 1208 413 1272 vidit
447 1209 545 1272 solem
569 1208 725 1271 orientem
747 1213 779 1270 et
803 1207 999 1271 occidentem
1022 1208 1174 1271 maiorem
1198 1195 1289 1271 nobis
1313 1208 1420 1272 videri

189 1349 284 1414 quam
307 1325 482 1390 meridiano
497 1331 640 1410 tempore
658 1326 917 1410 (explicationem
932 1325 1077 1389 invenies
1092 1327 1233 1389 Macrob.
1252 1326 1320 1389 Sat.
1338 1326 1418 1390 VH.

191 1448 251 1528 14,
290 1448 350 1525 15).
395 1449 462 1508 Hoc
492 1443 546 1528 qui
569 1442 638 1505 fieri
661 1442 778 1527 possit,
813 1443 1060 1527 nonexplicat:
1093 1443 1170 1506 dicit
1193 1444 1418 1507 tantummodo

186 1564 286 1627 solem
316 1562 407 1626 nobis
431 1566 556 1624 tantum
579 1579 648 1623 0000
671 1565 808 1644 quantus
830 1559 998 1641 videatur,
1032 1560 1117 1623 unde
1141 1562 1304 1646 sequitur,
1342 1582 1417 1624 eum

184 1680 342 1744 matutino
365 1685 513 1763 tempore
536 1676 690 1740 maiorem
714 1697 782 1740 esse
806 1698 901 1762 quam
924 1676 1058 1740 meridie
1082 1683 1114 1740 et
1130 1678 1297 1742 ameridie
1313 1700 1417 1765 usque

186 1796 226 1860 ad
259 1816 425 1881 vesperam
459 1815 568 1857 rursus
602 1813 753 1857 crescere.
798 1791 870 1856 Hoc
905 1793 998 1857 modo
1033 1794 1100 1857 0010
1135 1796 1233 1858 etiam
1257 1796 1417 1880 explicari

185 1920 311 1999 potest,
345 1914 400 1998 qul
431 1910 495 1977 κατ’
518 1913 595 1976 αὐτὸ
618 1912 722 1974 minor
746 1931 814 1974 0000
844 1911 944 1996 possit
975 1912 1021 1974 001
1044 1933 1139 1997 quam
1163 1913 1329 1977 videatur:
1367 1915 1416 1978 001

187 2033 274 2117 ipse,
310 2035 346 2093 ut
380 2035 534 2115 apparet,
570 2028 730 2113 aliquanto
761 2028 864 2091 minor
898 2048 1011 2092 revera
1045 2049 1114 2092 esse
1146 2036 1273 2115 potest,
1317 2053 1417 2117 quam

182 2148 274 2212 nobis
314 2147 444 2211 videtur
490 2145 537 2208 sol
579 2143 725 2208 occidens
766 2152 821 2208 aut
855 2146 969 2209 oriens.
1015 2146 1107 2210 Haec
1142 2147 1286 2212 doctrina
1320 2150 1417 2213 nobis

182 2267 315 2330 fortasse
339 2261 475 2328 absurda
497 2261 651 2342 videtur,
680 2261 736 2325 sed
759 2267 866 2326 tamen
888 2263 934 2328 ita
956 2263 1113 2349 Epicurus
1137 2264 1280 2329 docuisse
1306 2266 1417 2332 debet.

183 2385 359 2448 Praeterea
392 2380 540 2444 novimus
574 2379 749 2464 Epicurum
783 2385 816 2443 01
850 2380 1036 2445 Lucretium
1070 2382 1225 2445 eiusmodi
1260 2384 1419 2450 absurdas

186 2499 345 2564 doctrinas
366 2498 520 2583 probare,
544 2495 584 2559 ad
600 2516 750 2559 sensuum
766 2496 989 2560 auctoritatem
1005 2505 1222 2582 provocantes.
1248 2499 1346 2564 Lucr.
1365 2501 1418 2565 IV

184 2620 268 2682 497:
307 2637 384 2698 ,nec
407 2635 501 2700 porro
524 2620 674 2699 poterunt
698 2617 829 2697 (sensus)
852 2614 914 2701 ipsi
936 2616 1171 2700 reprehendere
1195 2638 1285 2699 sese,
1310 2639 1419 2704 aequa

183 2734 262 2799 fides
293 2734 443 2820 quoniam
476 2731 604 2795 debebit
628 2752 753 2817 semper
775 2731 907 2817 haberi,
941 2735 1073 2820 proinde
1096 2735 1181 2820 quod
1203 2736 1238 2798 ιἰι
1259 2744 1418 2820 quoquest

184 2851 233 2915 his
267 2853 368 2914 visum
404 2856 560 2934 tempore,
595 2856 741 2913 oerumst.
775 2855 807 2913 01
839 2850 865 2912 01
899 2872 962 2914 non
992 2853 1110 2936 poterit
1132 2854 1212 2916 ratio
1238 2853 1416 2918 dissolvere

184 2990 312 3033 causam
451 2974 560 3031 tamen
594 2972 735 3052 praestat
768 2968 899 3031 rationis
930 2976 1078 3052 egentem
1101 2970 1234 3034 reddere
1257 2971 1416 3035 mendose

186 3107 297 3152 causas
452 3105 547 3170 quam
578 3084 723 3148 manibus
746 3085 915 3149 manifesta
938 3087 1003 3149 suis
1027 3087 1172 3150 emittere
1197 3109 1358 3174 quoquam
1383 3097 1416 3154 et

186 3204 305 3268 violare
327 3203 423 3266 fidem
445 3203 581 3287 primam
604 3209 636 3266 01
659 3203 838 3266 convellere
862 3209 930 3267 tota
951 3204 1159 3269 fundamenta
1181 3207 1296 3291 quibus
1319 3209 1416 3273 nixa-

186 3328 238 3386 tur
272 3322 339 3385 vita
373 3320 552 3406 salusque.’'
587 3357 628 3365 —
660 3319 740 3384 Oum
771 3328 879 3384 autem
903 3322 949 3385 sol
971 3327 1037 3386 tam
1061 3346 1177 3408 parvus
1201 3325 1262 3408 sit,
1286 3328 1417 3411 quaeri-

184 3446 257 3522 tur,
306 3460 387 3524 ,qua
419 3439 543 3502 ratione
575 3439 718 3501 tantulus
751 3439 805 3502 ille
835 3447 931 3525 queat
965 3447 1090 3504 tantum
1121 3443 1167 3505 sol
1201 3444 1329 3508 mittere
1365 3447 1417 3510 lu-

184 3555 279 3619 men''
302 3560 329 3637 1).
375 3555 493 3618 Procul
524 3554 619 3618 dubio
653 3554 732 3618 haec
767 3556 934 3620 difficultas
962 3557 1093 3644 Epicuri
1117 3561 1325 3643 sagacitatem
1347 3585 1416 3628 non

185 3672 317 3756 effugit:
353 3672 387 3735 in
419 3672 553 3757 epistola
586 3677 694 3736 tamen
725 3671 765 3735 ad
798 3672 988 3758 Pythoclem
1018 3675 1113 3739 huius
1143 3679 1189 3740 rei
1213 3680 1416 3745 mentionem

184 3813 249 3855 non
278 3790 355 3854 fecit
384 3790 551 3853 lirevitatis
574 3811 688 3854 causa:
722 3797 831 3854 monet
854 3796 978 3855 tantum
1002 3793 1156 3856 eiusmodi
1179 3795 1415 3880 impedimenta

11 3925 12 3930 ’
106 3934 136 3996 J
184 3908 278 3972 facile
300 3928 393 3994 posse
415 3908 522 3990 vinci,
546 3901 687 3971 simodo
711 3908 904 3972 attendimus
927 3909 967 3973 ad
989 3931 1039 3974 res
1062 3919 1185 3975 certas:
1217 3919 1264 3978 καὶ
1289 3921 1354 3980 πᾶν
1379 3915 1414 3984 δὲ

185 4030 221 4093 τὸ
256 4031 300 4104 εἰς
327 4033 421 4091 τοῦτο
444 4027 480 4091 τὸ
502 4030 596 4110 μέρος
619 4026 753 4108 ’ἔνστημα
775 4025 894 4113 ῥᾳδίως
919 4026 1158 4111 διαλυθήσεται,
1193 4033 1247 4096 ἐάν
1270 4062 1318 4112 τις
1342 4044 1412 4110 τοῖς

185 4146 377 4229 ἐναργήμασι
410 4147 570 4231 προςέχῃ,
606 4148 682 4229 ὅπερ
716 4147 748 4209 ἐν
781 4154 849 4224 τοῖς
879 4150 948 4228 περὶ
972 4150 1096 4231 φύσεως
1118 4145 1269 4232 βιβλίοις
1292 4147 1411 4216 δείκνυ·

183 4287 240 4341 μεν
254 4256 288 4342 2).
333 4259 385 4323 Ex
408 4259 457 4324 his
479 4260 577 4344 igitur
595 4261 689 4341 ,libris
711 4260 750 4324 de
765 4267 880 4325 natura
894 4262 1063 4327 Lucretius
1078 4263 1205 4328 haurire
1221 4267 1329 4351 potuit
1345 4274 1408 4332 tres

188 4444 370 4452 ———-

217 4536 236 4599 l)
269 4536 312 4586 Vs.
330 4539 377 4586 590
394 4552 461 4602 seqq.

215 4630 459 4698 ὍΠΒΧἋ
