3196 5160
774 312 815 374 58

184 511 359 576 relaturum
382 532 451 577 esse
475 512 609 599 Epicuri
633 512 819 577 doctrinam.
864 512 983 598 Incipit
1006 535 1026 578 a
1049 515 1160 579 mortis
1185 515 1323 600 timore,
1351 537 1414 602 quo

182 627 300 692 iustam
342 628 381 692 de
416 629 521 694 animo
557 628 733 694 doctrinam
767 650 931 716 exponens
964 630 1110 695 homines
1142 631 1280 697 liberare
1314 633 1413 719 cupit.

184 744 316 830 Epicuri
351 746 437 810 enim
468 752 500 810 et
523 747 667 811 Lucretii
689 752 799 830 aetas,
830 769 911 834 quae
940 755 1074 835 utraque
1097 749 1303 814 scientiarum
1326 751 1415 815 cultu

184 869 218 927 et
251 863 369 927 civium
391 864 425 928 in
447 863 539 927 bonis
561 864 773 950 prosperitate
796 864 949 949 florebat,
973 871 1081 930 tamen
1104 866 1165 930 hoc
1188 873 1277 931 metu
1304 867 1413 953 impri-

183 979 244 1044 mis
275 980 495 1065 angebantur,
526 980 611 1066 quod
641 1002 714 1046 cum
745 1002 763 1046 e
792 982 901 1047 multis
934 982 1060 1068 scriptis
1095 989 1164 1047 tum
1198 982 1216 1048 'e
1243 984 1283 1049 D.
1308 985 1346 1049 L.
1369 985 1411 1050 X.

186 1099 247 1161 124
278 1118 363 1184 seqq.
387 1104 420 1162 et
444 1097 606 1163 Ciceronis
629 1098 699 1163 libr.
723 1100 740 1163 I
762 1099 853 1185 Disp.
877 1100 971 1164 Tusa.
997 1122 1059 1187 quo
1083 1100 1247 1166 demente
1272 1107 1412 1167 oontem-

183 1214 289 1279 nenda
311 1215 399 1300 agit,
424 1215 509 1280 ellici
532 1221 647 1301 potest.

227 1331 326 1396 Miser
341 1332 388 1396 rei
404 1332 550 1418 publicae
566 1338 684 1415 status,
708 1333 827 1397 veteris
844 1333 976 1397 deorum
992 1334 1097 1398 cultus
1110 1340 1143 1398 et
1158 1334 1233 1398 fidei
1249 1335 1411 1419 interitus,

183 1448 444 1535 philosophorum
490 1449 551 1514 sibi
600 1451 740 1514 vicissim
781 1457 997 1536 repugnantes
1032 1451 1194 1516 doctrinae
1238 1453 1272 1516 in
1311 1455 1412 1519 causis

182 1572 266 1630 sunt.
292 1570 331 1632 Οί
346 1566 486 1642 πολλοὶ,
510 1566 668 1652 Epicurus
684 1567 809 1652 inquit,
829 1570 890 1664 ,τὸν
905 1568 1048 1633 θάνατον
1065 1572 1115 1634 ὁτὲ
1132 1574 1188 1652 μὲν
1204 1570 1247 1647 ὡς
1262 1573 1413 1656 μέγιστον

181 1690 245 1749 τῶν
276 1689 378 1750 κακῶν
409 1687 601 1771 φεύγουσιν,
632 1689 682 1750 ὁτὲ
706 1682 734 1751 δ’
749 1686 793 1760 ὡς
815 1686 992 1751 ἀνάπαυσιν
1015 1688 1079 1750 τῶν
1102 1688 1135 1751 ἐν
1157 1693 1202 1771 τῷ
1225 1687 1285 1763 ζῆν
1310 1694 1415 1755 κακῶν

183 1805 342 1868 παθοῦσιν
359 1802 391 1884 ¹).
436 1800 581 1867 Vulnera
603 1802 689 1867 vitae
712 1822 775 1865 non
797 1801 962 1865 minimam
978 1806 1103 1887 partem
1118 1804 1229 1868 mortis
1244 1804 1415 1870 formidine

183 1919 332 2002 aluntur,
364 1920 523 1985 exclamat
544 1924 640 2003 poeta
655 1917 689 1996 ²).
736 1918 894 1993 Quoniam
916 1925 1140 2004 postmortem
1155 1921 1274 1985 multos
1290 1921 1416 1988 dolores

182 2036 366 2124 patientur,
400 2042 436 2101 ut
465 2036 611 2100 homines
633 2036 804 2121 opinantur
826 2036 944 2120 vulgo,
977 2057 1035 2122 per
1057 2037 1104 2102 fas
1128 2043 1160 2102 et
1182 2038 1272 2103 nefas
1296 2041 1422 2124 gaudia.

183 2159 360 2240 appetunt,
390 2159 427 2218 ut
460 2155 567 2218 tristes
588 2154 699 2217 mortis
720 2154 845 2236 minas,
881 2175 962 2240 quae
985 2154 1108 2219 animos
1130 2162 1272 2239 vexant,
1300 2159 1420 2245 volup·

183 2250 304 2337 tatibus
338 2272 472 2357 sopiant.
531 2270 616 2345 Quin
639 2270 737 2333 etiam
769 2270 804 2333 in
826 2276 951 2335 tantum
973 2272 1087 2336 mortis
1108 2272 1242 2337 formido
1272 2274 1421 2340 furorem

183 2410 237 2454 eos
259 2389 419 2475 propellit,
442 2393 479 2452 ut
501 2388 561 2452 sibi
585 2388 647 2473 ipsi
661 2393 797 2451 mortem
814 2389 1030 2471 consciscant,
1054 2395 1090 2452 ut
1106 2391 1243 2475 patriam
1258 2412 1415 2480 carosque

181 2512 331 2593 parentes
352 2505 488 2593 prodant
509 2506 612 2570 vitare
636 2504 815 2570 Acherusia
836 2506 957 2592 templa
973 2512 1130 2592 petentes.
1181 2508 1297 2591 ,Hunc
1312 2510 1413 2596 igitur

183 2628 336 2688 terrorem
359 2623 457 2686 animi
480 2622 691 2707 tenebrasque
714 2628 875 2686 necessest
897 2642 962 2686 non
984 2622 1065 2686 radii
1089 2624 1163 2688 solis
1185 2646 1291 2711 neque
1305 2627 1411 2693 lucida

183 2741 248 2805 tela
273 2740 336 2805 diei
358 2740 530 2804 discutiant
550 2739 606 2803 sed
621 2745 756 2804 naturae
771 2739 894 2825 species
908 2740 1056 2826 ratioque
1073 2739 1109 2824 ³),
1132 2742 1185 2806 vel
1199 2747 1236 2805 ut
1252 2742 1411 2828 Epicurus

183 2857 269 2922 dicit:
277 2856 302 2941 4)
316 2860 373 2925 ούκ
385 2863 423 2935 ἦν
435 2860 471 2923 τὸ
485 2856 690 2944 φοβούμενον
705 2857 792 2924 λύειν
805 2859 881 2943 ὑπὲρ
894 2861 958 2923 τῶν
971 2860 1184 2944 κυριωτιίτων,
1196 2862 1238 2942 μὴ
1251 2859 1411 2930 κατειδότα

181 2979 231 3052 τίς
253 2977 273 3051 ἡ
296 2982 352 3041 τού
376 2978 562 3057 σύμπαντος
585 2978 696 3061 φύσις,
721 2974 796 3041 ἀλλ’
819 2976 1075 3060 ὑποπτευόμενόν
1097 3005 1126 3042 τι
1148 2981 1212 3042 τῶν
1235 2980 1312 3043 κατὰ
1335 2983 1411 3063 τοὺς

181 3094 305 3173 μύθους
324 3107 331 3129 ·
347 3091 419 3156 ὥστ’
443 3093 500 3157 ούκ
522 3095 561 3168 ἦν
585 3090 659 3156 ἄνευ
682 3090 893 3176 φυσιολογίας
918 3092 1083 3177 ἀκεραίους
1105 3092 1164 3167 τὰς
1186 3090 1306 3169 ἡδονὰς
1330 3083 1419 3162 ἄπο-χ

182 3205 370 3294 λαμβάνειν.
384 3244 424 3254 -
439 3207 624 3294 Antequam
639 3212 748 3273 autem
764 3207 862 3270 animi
876 3213 1024 3272 naturam
1044 3208 1215 3292 describat,
1232 3210 1412 3278 refellenda

182 3329 231 3388 est
264 3324 370 3410 opinio
405 3345 536 3408 eorum,
570 3325 643 3412 qui,
674 3331 711 3388 ut
732 3325 939 3410 Peripatetici
961 3327 1107 3391 nonnulli
1122 3332 1168 3409 ⁵),
1190 3327 1315 3391 nullum
1339 3349 1412 3396 esse

181 3441 323 3505 animum
353 3442 598 3524 asseverabant,
633 3441 689 3505 sed
722 3440 920 3505 harmoniam
944 3442 1114 3528 quamdam
1146 3444 1244 3508 totius
1267 3447 1412 3532 corporis

180 3558 241 3624 hoc
262 3560 391 3624 nomine
414 3559 608 3644 significari,
632 3565 665 3623 et
687 3559 752 3623 vim
775 3564 875 3624 totam
897 3559 1004 3642 illam,
1028 3580 1092 3645 qua
1113 3561 1166 3624 vel
1181 3581 1315 3645 agamus
1332 3564 1412 3649 quid

181 3678 234 3742 vel
257 3679 451 3761 sentiamus,
474 3678 508 3740 in
531 3678 678 3742 omnibus
693 3677 876 3763 corporibus
896 3678 979 3741 vivis
995 3678 1205 3764 aequabiliter
1220 3700 1288 3743 esse
1304 3680 1413 3747 fusam

182 3795 354 3859 censebant
369 3796 416 3879 6);
440 3817 536 3882 quam
560 3795 736 3860 doctrinam
758 3818 777 3860 a
802 3794 1037 3881 Pythagoraeis
1053 3795 1130 3859 olim
1145 3796 1301 3881 prolatam
1313 3798 1412 3866 Plato

214 3980 233 4045 ¹)
269 3980 301 4029 D.
320 3980 348 4030 L.
367 3980 400 4028 X.
420 3982 474 4028 125.

213 4074 232 4134 2)
265 4075 309 4124 Vs.
327 4079 366 4125 64.

214 4168 234 4232 3)
270 4168 312 4218 Vs.
331 4171 370 4216 91.

213 4260 234 4322 4)
269 4261 300 4310 D.
318 4261 347 4311 L.
366 4260 399 4310 X.
417 4261 475 4311 Rat.
492 4266 555 4311 sent.
573 4260 621 4312 XI.

213 4357 232 4416 ⁵)
267 4357 437 4407 Aristoxenus.
472 4357 522 4408 Cic.
539 4356 610 4420 Disp.
627 4361 691 4407 tusc.
710 4357 741 4418 Ι,
760 4360 806 4418 10,
824 4361 863 4408 20.

213 4452 230 4511 6)
267 4451 440 4502 Dicaearchus.
475 4452 525 4503 Cic.
544 4452 615 4516 Disp.
632 4457 695 4502 tusc.
714 4453 736 4505 Ι.
756 4457 802 4514 10,
820 4457 858 4502 21.
893 4454 952 4503 Non
968 4452 1040 4517 plane
1058 4470 1115 4503 cum
1130 4454 1161 4504 iis
1177 4455 1331 4508 conveniunt
1346 4457 1407 4509 haee

180 4545 256 4596 verba
280 4547 346 4610 apud
371 4545 469 4596 Nemes.
495 4548 525 4597 de
547 4552 599 4596 nat.
625 4547 691 4597 hom.
713 4565 737 4612 p.
762 4553 809 4599 68:
835 4548 989 4616 Δικαίαρχος
1007 4549 1031 4599 δὲ
1053 4549 1114 4616 (scil
1136 4551 1214 4618 λέγει)
1236 4552 1326 4619 φυήν
1342 4557 1405 4606 εἶναι

181 4644 307 4712 ἁρμονίαν
332 4646 384 4695 τῶν
411 4643 541 4707 τεσσάρων
558 4646 700 4710 στοιχείων,
725 4647 785 4696 ἀντὶ
802 4649 846 4696 τοῦ
864 4650 956 4711 κρᾶσιν
972 4647 1014 4695 καὶ
1034 4646 1182 4713 συμφωνίαν
1199 4654 1250 4700 τῶν
1267 4649 1404 4716 στοιχείων.
