3196 5160
744 313 780 376 11

153 515 211 575 est.
256 511 345 576 Luce
380 511 466 576 enim
500 518 549 576 est
582 512 697 577 clarius
720 513 919 599 Epicurum,
951 516 1012 580 etsi
1034 537 1068 580 se
1091 518 1193 582 ullum
1215 524 1378 584 auctorem

153 633 298 693 secutum
321 649 390 693 esse
424 630 556 715 negavit
570 632 595 712 ¹)
631 636 663 694 et
685 631 893 696 Aristotelem
924 633 1051 700 ἄσωτον
1074 638 1297 722 καταφαγόντα
1319 640 1378 714 τὴν

152 745 301 834 πατρῴαν
324 749 439 814 οὐσίαν
462 752 682 833 στρατεύεσθαι
710 755 758 816 καὶ
784 750 1050 835 φαρμακοπωλεῖν
1073 751 1156 816 dixit
1168 752 1213 835 ²),
1237 751 1297 816 sibi
1323 774 1380 816 sua

151 864 236 929 bona
265 867 473 949 assumsisse,
505 866 561 930 ubi
591 887 629 931 ea
664 867 845 950 inveniret,
881 873 918 932 ut
952 867 1012 932 hoc
1046 868 1160 953 adagio
1195 875 1277 933 utar.
1335 868 1379 933 ut

151 1003 226 1047 cum
248 1005 405 1070 nusquam
427 984 597 1049 Lucretius
620 985 804 1050 Aristotelis
826 986 1024 1050 mentionem
1048 986 1161 1051 fecerit
1185 993 1218 1050 et
1241 1008 1259 1050 c
1282 987 1380 1072 pluri-

151 1099 211 1164 bus
247 1099 375 1164 iudiciis
412 1108 564 1188 appareat
599 1123 672 1166 eum
708 1103 880 1188 Stagiritae
915 1104 1065 1190 operibus
1097 1105 1219 1168 nullam
1250 1125 1379 1191 operam

151 1216 299 1301 dedisse,
335 1240 408 1284 cum
442 1219 482 1284 ab
517 1220 585 1284 eius
618 1220 748 1304 ingenio
783 1242 912 1306 prorsus
935 1227 1042 1286 essent
1065 1222 1190 1305 aliena,
1224 1221 1380 1286 eiusmodi

150 1335 215 1400 loci
237 1358 382 1423 quoque,
405 1359 484 1425 quos
507 1360 549 1402 cx
572 1339 756 1404 Aristotelis
779 1338 904 1425 scriptis
927 1344 964 1403 ut
986 1360 1060 1403 cum
1076 1340 1222 1404 Lucretii
1237 1339 1382 1404 doctrina

151 1453 356 1518 conferantur
388 1454 575 1539 laudamus,
610 1456 703 1520 nobis
724 1477 743 1519 a
765 1462 862 1541 poeta
884 1476 927 1520 ex
948 1461 1025 1520 noto
1049 1462 1081 1520 et
1104 1457 1224 1521 celebri
1247 1455 1380 1543 Epicuri

149 1569 239 1634 fonte
275 1571 383 1636 hausti
420 1593 489 1637 esse
526 1573 684 1638 videntur.
730 1574 886 1638 Attamen
915 1573 1031 1638 horum
1060 1574 1202 1639 locorum
1228 1595 1380 1638 numerus

151 1692 202 1750 est
223 1687 383 1751 minimus.
429 1689 581 1775 Plerique
603 1689 665 1754 loci
688 1712 766 1776 quos
790 1711 832 1755 ex
856 1691 1033 1755 Aristotele
1057 1690 1239 1780 laudamus,
1262 1691 1380 1756 Demo·

151 1803 225 1867 criti
247 1811 280 1868 et
303 1805 460 1893 Leucippi
482 1806 601 1890 placita
626 1807 779 1871 referunt.

195 1920 354 2008 Epicurus
387 1924 420 1986 in
454 1925 557 2010 prima
590 1931 681 2010 parte
713 1926 818 2011 operis
840 1932 909 2013 περὶ
935 1931 1078 2013 φύσεως,
1102 1926 1194 1990 utin
1218 1925 1379 2011 epistolis,

152 2042 307 2105 nonnulla
327 2043 512 2127 praemisit,
547 2063 628 2129 quae
664 2042 704 2107 ad
739 2044 924 2108 canonicam
949 2045 1018 2108 sive
1042 2045 1178 2129 logicam
1202 2042 1379 2107 doctrinam

150 2158 331 2243 pertinent:
366 2158 405 2222 de
439 2159 611 2224 verborum
641 2181 716 2224 vera
739 2160 990 2244 significatione,
1013 2182 1055 2224 ne
1078 2161 1112 2224 in
1134 2159 1379 2244 ambiguitatem

150 2275 345 2359 incidamus,
370 2281 403 2340 et
426 2276 464 2340 de
481 2277 617 2341 criteriis
631 2282 678 2360 ut,
701 2277 778 2363 quid
792 2297 906 2341 verum
922 2277 977 2359 sit,
998 2277 1193 2361 investigare
1210 2276 1378 2361 possimus.

151 2392 310 2467 Quoniam
334 2393 475 2457 enimin
498 2400 652 2480 sequente
675 2400 766 2480 parte
788 2394 894 2481 operis
918 2393 956 2457 de
979 2392 1114 2470 ἀδήλοις
1130 2393 1272 2458 dicturus
1292 2398 1379 2475 erat,

150 2529 282 2574 necesse
324 2511 354 2574 ei
388 2511 493 2576 visum
534 2518 583 2576 est
618 2512 757 2598 primum
791 2511 897 2576 dicere
933 2511 1023 2597 quasi
1057 2511 1264 2575 fundamento
1300 2531 1380 2596 opus

152 2648 241 2711 esse,
277 2651 338 2716 quo
363 2630 469 2694 omnia
499 2651 581 2716 quae
604 2635 809 2717 quaerantur,
841 2629 880 2694 de
904 2629 1019 2716 quibus
1042 2629 1262 2714 ambigamus,
1297 2649 1379 2715 quac

153 2746 338 2832 opinemur,
379 2747 492 2811 referri
526 2747 648 2833 possint
673 2747 704 2831 ³).
759 2748 831 2813 Hoc
869 2747 1113 2811 fundamentum
1155 2746 1185 2810 ei
1224 2752 1272 2810 est
1309 2766 1379 2810 sen·

155 2885 248 2927 suum
271 2865 452 2930 auctoritas.
498 2865 663 2941 Quomodo
686 2872 794 2931 autem
817 2865 897 2930 haec
922 2866 1167 2930 fundamentum
1189 2884 1258 2928 esse
1280 2863 1380 2950 possit

152 2985 225 3067 post
247 2980 422 3046 doctrinam
446 2981 485 3046 de
508 2983 684 3047 simulacris
707 2982 867 3066 ostendit3
891 2982 1022 3069 itaque,
1046 2981 1197 3068 quoniam
1218 2985 1287 3044 tota
1309 2979 1378 3044 eius

153 3095 356 3185 philosophia
377 3099 411 3162 in
444 3097 577 3185 physica
608 3098 753 3164 doctrina
786 3099 917 3183 nititur,
950 3100 1040 3187 quasi
1073 3100 1108 3163 in
1141 3099 1294 3164 circulum
1317 3097 1376 3161 cir·

154 3214 274 3280 cumire
309 3217 443 3302 cogitur,
477 3216 720 3282 tundamentum
754 3219 814 3282 toti
838 3218 1000 3282 doctrinae
1028 3217 1187 3282 subiciens
1209 3215 1259 3298 id,
1293 3213 1377 3300 quod

152 3334 224 3420 ipsa
258 3334 385 3399 demum
419 3334 563 3399 doctrina
596 3335 803 3400 demonstrari
834 3342 940 3422 potest
964 3343 1075 3401 ierum
1099 3355 1168 3399 esse
1191 3332 1377 3398 fundamen-

152 3455 233 3515 tum.
278 3450 468 3534 Lucretius,
492 3453 548 3538 qui
569 3451 603 3515 in
626 3453 725 3517 solam
745 3451 897 3538 physicae
914 3451 1090 3516 doctrinam
1105 3449 1271 3531 incubuit,
1294 3447 1377 3512 hanc

152 3569 289 3656 primam
321 3575 446 3656 partem
476 3571 583 3634 omisit
618 3577 651 3635 et
684 3592 766 3657 quae
801 3570 840 3634 de
875 3571 1025 3635 canonica
1060 3569 1201 3634 docenda
1230 3572 1321 3631 erant
1343 3566 1377 3629 iu
1482 3622 1485 3628 .

154 3686 272 3751 librum
296 3693 444 3774 quartum
460 3688 613 3771 inseruit,
637 3710 698 3774 quo
713 3710 823 3752 rursus
840 3688 959 3752 factum
975 3693 1038 3772 est,
1060 3694 1097 3751 ut
1111 3686 1213 3750 multa
1226 3685 1260 3748 iu
1275 3683 1376 3746 tribus

152 3805 312 3892 prioribus
335 3805 424 3870 libris
447 3807 564 3890 scripta
587 3812 699 3893 quarto
722 3806 850 3870 demum
872 3806 954 3869 libro
970 3806 1111 3891 perlecto
1127 3804 1209 3868 bene
1231 3800 1377 3884 intellegi

153 3923 286 4009 possint.
321 3923 430 3986 Etiam
457 3924 483 3986 si
503 3921 632 4010 tempus
646 3923 675 3987 ei
692 3923 801 3987 datum
818 3929 902 3988 esset
917 3943 996 4010 opus
1011 3920 1220 4003 retractandi,
1244 3920 1376 3983 fortasse

154 4047 263 4105 tamen
284 4040 345 4105 hoc
369 4041 483 4106 vitium
506 4062 570 4105 non
594 4040 811 4124 emendasset,
842 4041 918 4127 quia
940 4017 1013 4104 cum
1035 4045 1104 4103 tota
1125 4038 1231 4123 operis
1252 4036 1376 4102 ratione

153 4159 202 4224 ita
223 4164 272 4223 est
295 4159 516 4241 comunem,
539 4164 575 4222 ut
598 4160 654 4224 vix
677 4158 839 4223 emendari
859 4159 967 4246 possit.

154 4358 351 4367 ——-—--—

188 4467 206 4526 ι)
241 4467 272 4518 n.
291 4467 321 4518 n.
338 4467 380 4528 x,
400 4471 437 4517 a.

188 4563 209 4627 ²)
245 4562 276 4612 n.
294 4561 324 4612 n.
342 4560 382 4623 x,
400 4565 423 4612 s.

187 4655 208 4724 ³)
246 4655 443 4719 numm
