3196 5160
764 298 824 361 142

186 506 229 579 εἰς
252 501 308 581 ra}
339 499 457 580 ἐνδείας
480 505 637 567 ποιεῖσθαι
660 503 844 586 παράθεσιν.
898 501 1069 564 Lucretius
1092 501 1230 586 primum
1252 507 1413 566 memorat

185 639 286 703 genus
316 617 491 682 humanum
517 617 618 682 multo
641 622 710 681 tum
734 618 841 680 durius
865 625 897 681 et
919 617 1031 681 fortius
1049 623 1087 682 'et
1109 620 1270 682 robustius
1293 618 1412 703 fuisse,

186 758 258 800 cum
282 735 409 818 durior,
440 735 595 818 validior,
628 736 785 800 recentior
808 743 893 800 terra
915 736 948 799 id
971 744 1109 800 creasset
1138 739 1157 820 ).
1208 737 1412 821 „Volgivago

186 852 286 916 vitam
317 852 496 916 tractabant
529 872 617 915 more
649 852 819 915 ferarum.‘'
865 852 1091 936 Agriculturae
1125 853 1281 937 imperitis
1309 851 1414 938 „quod

187 970 234 1034 sol
261 976 356 1056 atque
379 970 496 1033 imbres
519 969 689 1052 dederant,
724 970 808 1056 quod
831 977 917 1034 terra
939 977 1061 1035 crearat
1084 976 1196 1056 sponte
1220 992 1299 1052 sua,
1334 969 1414 1033 satis

186 1087 220 1150 id
249 1087 396 1172 placabat
432 1094 562 1172 pectora
586 1086 734 1150 donum.”
781 1087 937 1170 (blandos,
970 1088 1084 1151 arbuta
1107 1087 1232 1172 aliaque
1255 1087 1289 1149 id
1310 1107 1413 1171 genus

186 1205 307 1269 fructus
339 1226 392 1269 eos
425 1205 622 1269 nutriebant.
671 1205 735 1287 „At
771 1205 882 1269 sedare
906 1205 990 1268 sitim
1013 1205 1101 1268 fluvii
1117 1205 1294 1289 fontesque
1318 1225 1414 1267 voca·

185 1322 280 1405 bant,
315 1329 351 1385 ut
385 1343 469 1386 nunc
503 1322 663 1385 montibus
687 1343 703 1386 e
726 1324 850 1406 magnis
874 1323 1023 1386 decursus
1047 1323 1141 1407 aquai
1162 1322 1323 1404 olarigitat
1346 1321 1414 1384 late

184 1439 324 1503 sitientia
357 1439 461 1503 saecla
496 1438 666 1503 ferarum’‘.
726 1440 832 1522 Ignis,
872 1444 998 1520 vestes,
1037 1438 1148 1502 domus
1171 1439 1210 1501 iis
1235 1443 1327 1502 erant
1360 1458 1413 1501 res

182 1556 320 1641 ignotae.
369 1556 456 1636 „Nec
491 1576 658 1618 commune
691 1552 810 1618 bonum
832 1561 980 1640 poterant
1004 1563 1172 1640 spectare,
1207 1576 1313 1640 neque
1336 1555 1414 1618 ullis

181 1674 322 1738 moribus
355 1674 439 1736 inter
472 1694 505 1736 se
541 1674 662 1737 scibant
684 1695 743 1736 nee
767 1674 891 1756 legibus
914 1674 993 1737 uti”.
1042 1674 1103 1754 „Et
1126 1672 1238 1736 Venus
1261 1673 1296 1735 in
1319 1672 1413 1736 silvis

182 1791 336 1876 iungebat
359 1812 490 1876 corpora
512 1791 706 1854 amantum.⁷’

230 1909 416 1991 „Silvestria
437 1908 581 1972 membra
604 1907 690 1971 nuda
705 1907 822 1972 dabant
834 1913 955 1989 terrae,
979 1913 1132 1971 nocturno
1148 1914 1291 1992 tempore
1308 1907 1425 1992 capti,

185 2027 304 2090 circum
333 2047 367 2090 se
392 2025 476 2089 foliis
499 2047 535 2089 ac
558 2025 722 2088 frondibus
744 2025 975 2088 involventes.”
1021 2025 1182 2088 Tenebras
1206 2045 1269 2087 non
1287 2030 1417 2088 metue-

180 2145 273 2228 bant,
300 2144 375 2226 „sed
397 2144 501 2227 magis
524 2143 604 2207 illud
628 2149 696 2207 erat
720 2165 834 2226 curae,
859 2143 944 2229 quod
971 2143 1075 2206 saecla
1104 2143 1243 2207 ferarum
1259 2142 1411 2206 infestam

125 2257 126 2260 '
181 2262 305 2325 miseris
328 2261 486 2325 faciebant
509 2282 604 2347 saepe
628 2262 802 2348 quietem”.

225 2378 348 2441 Rursus
371 2377 536 2440 fatendum
560 2383 608 2440 est
633 2378 760 2441 omnino
776 2377 858 2440 hanc
875 2377 1050 2441 doctrinam
1063 2376 1102 2440 de
1117 2377 1293 2461 primorum
1309 2375 1410 2439 homi·

182 2516 259 2558 num
281 2495 423 2558 moribus
448 2495 567 2580 optime
593 2495 764 2558 convenire
788 2515 860 2557 cum
883 2494 1128 2558 clarissimorum
1150 2500 1278 2556 nostrae
1295 2493 1411 2557 aetatis

183 2611 348 2676 doctorum
381 2612 516 2696 repertis
531 2610 564 2693 ²).
610 2611 662 2675 Ab
699 2612 786 2675 omni
815 2611 1013 2696 mythologia
1046 2632 1174 2696 prorsus
1205 2610 1331 2673 alienus
1364 2617 1411 2673 est

182 2736 299 2815 poeta:
335 2751 408 2793 oum
441 2734 562 2793 terrore
597 2735 629 2792 et
663 2736 771 2812 metu,
805 2729 919 2816 quibus
953 2729 1085 2814 antiqua
1115 2728 1227 2811 religio
1263 2726 1414 2791 homines

183 2845 310 2929 affecit,
341 2846 435 2909 simul
466 2866 575 2908 omnes
598 2845 727 2930 pulcras
750 2846 873 2909 fabulas
896 2846 1064 2931 omniaque
1088 2851 1253 2930 poetarum
1276 2843 1415 2906 inventa

187 2962 226 3026 do
253 2962 349 3046 longa
371 2963 528 3048 beataque
551 2963 618 3027 vita
640 2963 814 3048 primorum
837 2962 1002 3026 hominum
1024 2962 1150 3025 abiecit.
1196 2960 1358 3024 Homines
1374 2981 1414 3024 eo

186 3087 330 3165 tempore
364 3079 463 3144 nihilo
497 3081 602 3144 minus
632 3081 849 3145 moriebantur
872 3102 967 3166 quam
989 3101 1095 3162 nunc,
1123 3078 1239 3164 partim
1263 3099 1282 3140 a
1305 3078 1415 3141 saevis

187 3199 377 3264 animalibus
401 3197 561 3280 devorati,
585 3220 656 3261 cum
680 3199 800 3262 auxilio
823 3200 980 3284 armisque
1004 3202 1168 3278 carerent,
1192 3195 1310 3280 partim
1331 3197 1416 3260 alias

186 3317 226 3381 ob
258 3337 387 3398 causas3
425 3335 512 3378 mare
546 3320 670 3378 tantum
700 3336 765 3377 non
799 3320 846 3377 tot
876 3313 1021 3378 homines
1056 3314 1150 3376 morti
1174 3313 1288 3376 obtulit
1313 3320 1415 3398 atque

185 3455 288 3515 nunc,
330 3433 479 3519 quoniam
515 3454 565 3496 ara
599 3432 727 3496 nautica
761 3433 928 3496 etiamtum
961 3433 1071 3516 ignota
1094 3437 1162 3494 erat
1179 3431 1210 3513 3).
1237 3459 1240 3465 ·
1269 3434 1330 3496 Διὸ
1362 3437 1414 3497 καὶ

186 3550 334 3624 πολλοὺς
356 3551 461 3615 αὐτῶν
484 3548 690 3616 ἀπόλλυσθαι
713 3548 788 3615 rard
810 3552 885 3628 τοὺς
909 3553 1083 3635 χειμῶνας,
1114 3546 1163 3614 διά
1186 3576 1216 3612 τε
1238 3549 1274 3612 τὸ
1299 3551 1416 3634 ψῦχος

187 3672 236 3733 καὶ
259 3670 317 3744 τὴν
340 3669 455 3733 σπάνιν
478 3676 532 3747 τῆς
548 3677 668 3752 τροφῆς
679 3667 713 3748 4).
737 3665 801 3730 Sed
815 3666 969 3751 paulatim
985 3686 1089 3729 mores
1105 3670 1276 3750 coeperunt
1293 3665 1414 3729 excoli.

231 3785 327 3849 Casas
350 3784 410 3848 sibi
426 3789 672 3850 constmxerunt
687 3783 851 3865 homines,
875 3783 1012 3869 pellibus
1028 3782 1251 3846 reinduerunt
1267 3831 1275 3863 ,
1300 3782 1414 3866 ignem

186 3900 388 3983 invenerunt,
412 3899 565 3965 familiam
589 3899 822 3964 condiderunt:
850 3904 937 3980 „tum
961 3919 1063 3982 genus
1078 3897 1253 3962 humanum
1270 3899 1414 3982 primum

125 4071 128 4076 .
187 4018 371 4082 mollescere
395 4017 519 4102 coepit”
533 4067 541 4100 ,
554 4016 576 4101 ⁵)
600 4017 739 4081 amicitia
761 4017 883 4080 animos
904 4016 1086 4100 mitigavit,
1113 4016 1215 4097 „bona
1228 4012 1412 4103 magnaque

188 4156 261 4219 pars
283 4135 430 4200 servabat
452 4134 580 4199 foedera
602 4139 688 4198 caste
704 4135 761 4212 1)”.

222 4306 241 4367 1)
276 4306 306 4357 V.
325 4310 370 4356 931
389 4323 455 4372 seqq.

221 4387 239 4451 2)
274 4386 313 4436 ef.
331 4386 449 4447 Poschol‚
467 4385 584 4437 Vblkorlr.
602 4402 658 4450 pag.
678 4386 723 4439 137
741 4402 808 4452 seqq.

219 4467 240 4528 ³)
275 4469 427 4516 ass-roro.

220 4545 240 4610 ⁴)
276 4545 349 4596 Diod.
368 4545 417 4596 Sic.
434 4545 452 4594 1.
469 4545 486 4594 l.

217 4633 240 4693 ε)
278 4631 347 4678 1014.

220 4709 240 4775 ⁶)
277 4709 346 4758 1025.
