3196 5160
779 251 821 314 82

186 475 352 541 corporum
374 453 634 539 proficiscantur,
657 453 791 517 formam
814 475 941 518 servare
964 460 1117 539 possunt,
1140 476 1200 518 nec
1224 454 1414 521 scinduntur

185 581 220 638 ut
250 573 355 638 fumus
386 579 418 637 et
441 594 559 658 vapor,
590 573 644 659 qui
668 593 709 636 ex
732 573 883 636 interiore
907 593 1074 658 corporum
1097 580 1188 659 parte
1211 576 1412 661 procedunt,

184 691 240 755 scd
270 712 307 755 eo
338 711 462 777 quoque
485 691 520 753 fit
543 696 578 753 ut
602 691 794 754 exteriorem
817 697 941 776 partem
965 712 1133 776 corporum
1156 698 1281 756 tantum
1305 693 1414 758 videa-

184 831 255 872 mus
273 808 303 887 ¹).
348 809 439 873 Haec
466 808 634 875 simulacra
657 830 750 894 porro
774 808 814 871 ad
836 807 996 871 infinitum
1020 816 1093 873 sunt
1116 810 1284 893 tenuia2),
1308 811 1356 875 ita
1378 818 1414 875 ut

186 949 295 992 eorum
330 927 534 991 dissolutione
570 948 702 1011 corpora
735 948 799 989 non
823 926 1048 990 diminuantur.
1095 928 1141 991 Ut
1163 929 1276 1013 probet
1299 950 1415 994 revera

184 1050 307 1108 tantam
340 1043 530 1107 tenuitatem
554 1048 680 1105 exstare
704 1063 817 1126 posse,
853 1049 948 1126 poeta
970 1042 1089 1127 profert
1112 1045 1314 1129 exemplum,
1351 1066 1414 1130 quo

185 1140 394 1226 subtilitatem
428 1166 605 1224 atomorum
633 1160 822 1242 intellegere
846 1160 1021 1244 possimus:
1062 1161 1229 1241 ,animalia
1251 1168 1326 1225 sunt
1349 1162 1415 1226 iam

184 1279 301 1363 partim
335 1278 479 1360 tantula,
516 1298 650 1362 quorum
685 1276 806 1339 extima
841 1276 945 1359 (codd.
975 1278 1080 1353 tertre)
1104 1299 1178 1362 pars
1200 1278 1291 1342 nulla
1312 1279 1415 1363 possit

184 1395 307 1458 ratione
330 1394 431 1474 videri
458 1443 465 1456 .
488 1393 601 1456 horum
624 1393 811 1455 intestinum
835 1393 968 1479 quodvis
989 1395 1082 1478 quale
1099 1414 1168 1457 esse
1185 1394 1413 1479 putandumst!

184 1512 260 1598 quid
282 1512 384 1576 cordis
407 1511 520 1596 globus
542 1518 598 1575 aut
622 1511 730 1575 oculi?
766 1511 842 1597 quid
865 1511 1035 1574 membra?
1071 1511 1147 1596 quid
1170 1513 1286 1575 artus?
1314 1534 1415 1598 quan·

184 1631 252 1694 tula
274 1631 367 1693 sunt!
396 1629 472 1715 quid
495 1634 660 1713 praeterea
683 1628 857 1712 primordia
879 1651 1045 1715 quaeque,
1078 1630 1163 1693 unde
1187 1631 1293 1695 anime
1316 1638 1415 1717 atque

184 1747 281 1811 animi
309 1752 431 1811 constet
454 1753 568 1810 natura
592 1753 807 1810 necessumst?
838 1768 943 1810 nonne
967 1748 1055 1811 vides
1079 1770 1174 1833 quam
1198 1749 1261 1811 sint
1284 1749 1417 1814 subtilia

184 1886 341 1951 quamque
364 1864 508 1928 minuta’'
521 1866 536 1927 t
550 1865 583 1940 ³).
609 1863 689 1928 Cum
714 1885 789 1947 ergo
813 1871 878 1928 tarn
903 1870 1014 1928 tenues
1037 1865 1100 1928 sint
1123 1866 1240 1948 atomi,
1265 1867 1413 1952 sequitur·

182 2004 289 2047 rerum
312 1983 496 2063 simulacra,
520 2003 602 2067 quae
626 1982 868 2046 crassitudinem
895 2004 959 2046 non
982 1981 1122 2046 habeant
1146 1983 1206 2045 nisi
1230 1984 1328 2048 unius
1346 1991 1413 2048 ato-

183 2100 248 2181 mi,
271 2109 340 2176 ταῖς
363 2100 552 2175 λεπτότησιν
576 2098 832 2186 ἀνυπερβλήτοις
857 2101 1076 2187 κεχρῆσὲοι4).

228 2217 320 2282 Haec
354 2218 512 2282 conclusio
546 2224 654 2281 tamen
686 2218 721 2280 in
754 2218 914 2282 codicibus
944 2219 1060 2282 nostris
1087 2241 1151 2282 non
1180 2220 1320 2303 legitur,
1356 2220 1413 2306 qui

182 2335 292 2420 procul
323 2334 418 2398 dubio
451 2355 568 2418 magna
601 2334 715 2397 lacuna
738 2334 904 2417 laborant,
940 2356 1012 2397 cum
1034 2357 1081 2398 vs.
1109 2338 1168 2398 127
1193 2356 1322 2398 versum
1349 2339 1412 2401 126

183 2453 332 2537 excipere
349 2472 413 2514 non
426 2451 535 2536 possit.
560 2450 691 2514 Lachm.
704 2457 797 2536 putat
811 2451 942 2536 periisse
955 2473 1066 2515 versus
1085 2452 1295 2517 Lucretianos
1311 2453 1415 2517 XXV

182 2576 214 2633 et
248 2569 361 2654 capitis
395 2569 547 2652 titulum;
583 2590 636 2633 eos
670 2575 777 2632 autem
812 2570 1027 2652 continuisse,
1061 2577 1188 2655 praeter
1213 2571 1413 2655 superiorem

181 2687 269 2750 illam
304 2687 559 2768 conclusionem,
593 2687 785 2750 sententiam
818 2685 1021 2750 huiusmodi:
1060 2709 1147 2769 ,esse
1182 2689 1260 2751 item
1288 2689 1414 2754 maiora

183 2804 369 2886 simulacra,
404 2804 524 2868 seilicet
555 2824 572 2867 e
606 2803 715 2865 multis
746 2809 841 2889 atque
873 2804 1047 2868 innumeris
1070 2810 1154 2868 inter
1177 2826 1210 2869 se
1233 2806 1414 2870 coniunctis

183 2921 317 3003 effecta,
352 2927 388 2984 ut
418 2921 574 3004 fulgorem
598 2921 681 3004 ignis
704 2919 860 3003 aetherii,
896 2943 957 3007 quo
981 2922 1064 2985 inter
1088 2922 1264 2986 tonitruum
1288 2924 1414 2988 sonitus

183 3037 288 3100 omnia
323 3043 517 3121 occupentur
550 3043 582 3100 et
605 3036 848 3118 contineantur,
880 3038 936 3120 qui
957 3037 1092 3118 fulmine
1115 3039 1201 3101 clero
1225 3040 1333 3102 omnic
1349 3061 1414 3123 per

182 3155 303 3218 scottos
338 3160 442 3235 ercet,
482 3161 621 3236 terrem,
659 3174 767 3236 more,
807 3154 954 3217 coclam’‘.
1006 3155 1095 3219 Haec
1126 3162 1288 3240 postrema
1311 3157 1413 3221 verba

182 3271 288 3358 potius
338 3271 436 3334 Ennii
478 3292 547 3335 esse
581 3271 731 3335 videntur
763 3292 859 3357 quam
896 3271 1027 3357 Epicuri
1043 3278 1077 3350 ⁵).
1139 3273 1290 3337 Ceterum
1328 3296 1414 3360 quae

184 3484 402 3493 ffl—

181 3624 312 3675 intervalla
328 3624 355 3675 vi
370 3624 556 3688 percipiuntur,
574 3642 623 3690 qua
639 3625 773 3690 imagines,
787 3641 867 3675 aerem
878 3625 1057 3688 propellentes,
1075 3626 1199 3676 incensus
1211 3631 1307 3677 nostros
1328 3629 1414 3678 ineur-

181 3725 246 3769 mnt.
280 3720 416 3784 Nunquam
440 3736 479 3769 res
501 3720 567 3782 ipsas
593 3721 720 3782 videmus,
747 3737 832 3770 earum
860 3720 981 3784 imagines
1010 3725 1126 3781 tantum,
1153 3736 1215 3785 quae
1233 3737 1248 3770 a
1263 3721 1336 3771 nobis
1354 3739 1414 3773 cum

182 3815 243 3878 ipsis
258 3816 332 3865 rebus
349 3816 546 3866 confunduntur.

217 3908 234 3974 ¹)
269 3909 313 3959 IV.
332 3912 362 3957 88
380 3924 445 3973 seqq.
464 3909 495 3958 D.
513 3909 545 3958 L.
563 3910 595 3959 X.
615 3912 654 3958 49.

215 4003 235 4067 ²)
269 4004 301 4053 D.
325 4004 353 4053 L.
371 4004 403 4053 X.
421 4008 468 4053 46:
493 4008 649 4065 λεπτότησιν
670 4003 811 4069 ἀπέχοντες
832 4003 933 4069 μακρὰν
955 4009 1008 4054 τῶν
1028 4007 1192 4071 φαινομένων.
1211 4006 1254 4058 47:
1282 4005 1414 4074 χρήσιμον

183 4098 214 4160 δὴ
236 4101 277 4149 καὶ
299 4103 374 4150 τοῦτο
392 4105 532 4165 κατασχεῖν
548 4105 577 4153 τὸ
595 4105 734 4166 στοιχεῖον,
756 4102 814 4162 ἤτοι
830 4103 870 4152 ὅτι
887 4102 920 4152 τὰ
938 4101 1028 4152 εἴδωλα
1046 4106 1103 4160 ταῖς
1121 4104 1279 4163 λεπτότησιν
1297 4101 1412 4169 ἀνυπερ-

183 4193 293 4258 βλήτοις
309 4194 439 4259 κέχρηται.

216 4290 236 4355 ³)
272 4289 317 4340 IV.
337 4293 389 4338 116.
473 4286 475 4291 ’

216 4384 236 4450 ⁴)
271 4385 302 4434 D.
321 4385 350 4435 L.
368 4385 399 4434 X.
418 4389 457 4436 48.
491 4385 615 4449 Epicurus
631 4384 692 4435 dicit
708 4385 735 4434 in
746 4384 884 4435 simulacris
895 4389 929 4451 μὴ
942 4387 994 4438 δεῖν
1005 4385 1072 4437 κατὰ
1084 4387 1169 4452 βάθος
1181 4392 1210 4440 τὸ
1224 4389 1407 4457 συμπλήρωμα

185 4478 312 4546 γίνεσθαι,
330 4495 388 4544 ergo
403 4481 478 4531 unius
494 4481 571 4530 atomi
587 4480 679 4531 habent
696 4480 890 4532 crassitudinem.

216 4576 236 4642 ⁶)
273 4576 311 4626 Of.
329 4575 431 4625 Lachm.
449 4581 474 4626 et
491 4576 574 4625 Munr.
