3196 5160
731 300 773 362 43

139 502 233 567 Hane
256 503 446 567 sententiam
473 503 558 589 apud
570 502 744 590 Epicurum
760 524 885 589 quoque
901 502 1099 566 invenimus:
1119 509 1189 574 τοῖς
1201 497 1366 584 διαφοραῖς

139 622 203 708 οὐχ
225 622 338 698 ἇττλῶς
361 622 481 704 ἄπειροι
506 626 595 700 (εἰσιν
618 622 741 704 ἄτομοι)
765 622 852 687 ἀλλὰ
876 625 980 703 μόνον
1004 622 1210 705 ἀπερίληπτοι
1227 623 1259 693 ¹).
1283 616 1367 680 Eum

140 736 369 801 eiusdemmodi
392 745 617 822 argumentum
633 738 815 802 adhibuisse
833 744 965 823 apparet
981 759 1022 800 ex
1039 758 1093 819 eo,
1110 735 1195 821 quod
1206 735 1368 818 Diogenes

139 855 287 920 Laertius
310 856 350 919 ad
372 856 491 939 verba,
515 879 596 942 quae
620 856 834 942 praecedunt,
857 856 1021 941 probanda
1043 854 1156 918 affert:
1188 851 1259 918 οὐδὲ
1283 853 1367 938 yda,

140 979 236 1057 φησὶν
259 971 429 1059 ἐνδοτέρω,
454 978 498 1049 εἷς
520 975 650 1059 ἄπειρον
673 977 692 1050 ἡ
716 977 796 1056 τομὴ
819 977 969 1061 τυγχάνει
985 970 1018 1056 2).

183 1090 265 1155 (lum
298 1096 404 1155 autem
427 1112 578 1155 numerus
602 1091 777 1175 figurarum
800 1091 841 1153 sit
864 1089 990 1172 finitus,
1014 1109 1165 1152 numerus
1189 1094 1365 1152 atomorum

139 1205 292 1292 cuiusque
315 1207 441 1291 generis
463 1208 606 1271 infinitus
630 1228 699 1271 esse
724 1207 819 1270 debet
835 1207 869 1284 ³).
915 1207 961 1269 At
974 1206 1105 1269 fortasse
1122 1204 1254 1286 obicies,
1271 1225 1366 1289 quae-

139 1322 212 1388 dam
236 1344 306 1387 esse
329 1325 478 1388 animalia
501 1346 581 1411 quae
604 1346 676 1389 rara
698 1325 903 1388 inveniantur
927 1331 959 1387 et
981 1323 1056 1387 inde
1072 1323 1161 1409 sequi
1178 1329 1365 1403 atomorum,

139 1462 157 1505 e
181 1441 295 1527 quibus
317 1441 372 1504 illa
394 1442 478 1506 faeta
500 1443 580 1524 sint,
606 1464 775 1506 numerum
798 1463 862 1504 non
875 1442 1034 1505 infinitum
1051 1462 1130 1504 esse.
1162 1439 1365 1524 Respondet,

138 1559 173 1622 ni
195 1559 338 1623 infinitus
360 1567 444 1624 esset
466 1560 580 1624 horum
602 1582 770 1643 numerus,
793 1561 827 1623 in
850 1560 974 1623 infinito
998 1560 1100 1644 spatio
1123 1579 1285 1644 nunquam
1308 1556 1366 1620 has

139 1681 261 1740 atomos
292 1678 337 1741 ita
360 1678 528 1741 convenire
552 1679 715 1762 potuisse,
739 1684 775 1741 ut
797 1677 876 1742 haeo
900 1678 1050 1741 animalia
1073 1683 1142 1740 orta
1164 1682 1281 1739 essent.
1327 1675 1366 1738 In

138 1792 253 1856 mediis
288 1793 477 1857 aridioribus
511 1793 599 1857 hisee
635 1795 964 1878 argumentationibus
987 1794 1091 1857 subito
1114 1792 1288 1879 profundus
1310 1791 1365 1854 ille

139 1909 248 1993 dolor,
284 1912 338 1996 qui
372 1918 499 1996 poetam
522 1933 656 1976 vexasse
680 1913 824 1995 ridetur,
860 1913 929 1976 eius
952 1918 1064 1997 peetus
1088 1911 1218 1995 oorripit
1240 1910 1306 1991 ita,
1330 1916 1366 1972 ut

138 2049 203 2091 uno
239 2035 371 2114 aspectu
404 2035 504 2093 totam
526 2031 698 2115 perlustret
727 2031 889 2093 miseriam
912 2051 976 2093 non
998 2029 1137 2092 hominis
1160 2029 1278 2109 solius,
1310 2027 1366 2090 sed

138 2146 237 2209 totius
271 2147 402 2230 mundi,
437 2153 469 2211 et
500 2148 641 2211 omnium
673 2169 779 2211 rerum
802 2148 1054 2211 vicissitudinem
1077 2153 1151 2210 ante
1175 2145 1283 2209 oeulos
1307 2144 1365 2208 sibi

138 2268 249 2348 ponat.
294 2264 327 2327 N
330 2284 365 2327 eo
394 2285 478 2327 mors
501 2285 561 2328 neo
585 2265 651 2328 vita
673 2287 813 2351 unquam
836 2285 894 2350 per
917 2285 950 2327 se
973 2270 1129 2349 perpetuo
1151 2267 1287 2346 regnant
1311 2261 1367 2325 sed

139 2379 335 2444 altemautes
368 2381 461 2444 modo
497 2388 648 2468 superant
679 2382 773 2445 modo
797 2388 1004 2468 superantur:
1037 2381 1121 2467 quod
1144 2380 1276 2465 quisque
1300 2379 1367 2442 dies

138 2503 296 2581 testatur,
331 2499 480 2584 quoniam
515 2520 591 2581 ,neo
623 2521 689 2563 nox
711 2500 777 2563 ulla
800 2500 884 2563 diem
906 2521 1011 2584 neque
1034 2505 1160 2562 nootem
1183 2519 1297 2561 aurora
1320 2517 1366 2559 se-

139 2622 263 2698 cutast,
288 2637 368 2702 quae
391 2638 455 2679 non
478 2617 614 2681 audierit
637 2618 754 2682 mixtos
770 2617 931 2701 vagitibus
950 2617 1054 2701 aegris
1071 2617 1233 2702 ploratus,
1257 2615 1367 2679 mortis

140 2733 273 2797 comites
297 2741 329 2797 et
351 2735 472 2798 funeris
496 2737 577 2799 atri”
593 2736 629 2819 4).

184 2849 281 2914 Nulla
314 2872 407 2935 porro
440 2872 492 2914 res
529 2872 569 2915 ex
604 2873 668 2915 uno
704 2857 829 2915 tantum
863 2857 986 2915 constat
1016 2871 1134 2935 genere
1168 2857 1366 2931 atomorum,

140 2987 222 3053 quae
249 2967 390 3031 maxima
413 2973 445 3031 et
467 2967 687 3031 robustissima
709 2974 783 3032 sunt
806 2969 942 3053 plurima
964 2967 1084 3031 habent
1107 2988 1225 3051 genera
1248 2972 1367 3030 atomo-

139 3106 221 3148 rum.
245 3084 337 3149 Haeo
352 3085 598 3171 primordiorum
613 3086 754 3149 varietas
765 3085 799 3149 in
815 3107 940 3171 quoque
957 3106 1088 3170 corpore
1104 3085 1200 3149 etiam
1216 3084 1368 3171 probatur

140 3222 180 3265 eo
203 3202 286 3288 quod
309 3223 351 3265 ex
374 3202 486 3266 eodem
510 3202 580 3266 oibo
603 3209 669 3266 tam
685 3203 810 3266 diversa
825 3203 974 3267 animalia
989 3209 1144 3267 creseunt.
1189 3202 1318 3266 Etenim
1333 3202 1367 3264 in

138 3316 240 3381 herba
270 3325 302 3382 et
336 3341 438 3404 aqua,
476 3319 590 3404 quibus
625 3320 775 3401 aluntur,
810 3320 903 3404 plura
936 3322 1055 3404 genera
1085 3328 1262 3384 atomorum
1294 3327 1367 3384 sunt

138 3439 234 3520 (667).
280 3437 445 3511 Quaedam
479 3437 639 3501 elementa
674 3437 853 3501 eommunia
883 3459 952 3501 esse
976 3446 1109 3523 possunt
1132 3444 1164 3503 et
1187 3446 1294 3503 tamen
1317 3461 1367 3503 res

139 3551 293 3616 diversae.
339 3552 462 3617 Eodem
497 3553 591 3616 modo
626 3553 661 3616 in
681 3553 839 3644 ,versibus
862 3554 977 3617 nostris
1000 3554 1095 3618 variis
1117 3556 1218 3619 modis
1241 3556 1367 3619 litterae

136 3669 222 3732 inter
245 3689 278 3732 se
300 3669 478 3754 iungrmtur
499 3671 545 3733 ita
567 3676 603 3733 ut
633 3670 788 3756 quaedam
804 3693 988 3735 communes
1004 3673 1087 3754 sint,
1112 3673 1246 3737 sednon
1262 3674 1367 3736 omnio

138 3785 251 3850 eadem
266 3786 301 3865 ⁵).
346 3788 499 3851 Attamen
534 3809 597 3851 non
631 3788 761 3852 fortuito
792 3811 877 3853 nuno
901 3790 1094 3854 conveniunt
1116 3791 1149 3853 in
1172 3786 1223 3854 res
1246 3791 1365 3855 atomi:

172 3988 191 4046 ι)
224 3988 259 4038 D.
277 3990 304 4039 L.
324 3991 368 4051 X,
385 3993 425 4039 42.

170 4083 190 4142 2)
224 4084 262 4134 Cf.
280 4088 312 4135 56
330 4091 384 4137 πᾶν
401 4088 426 4138 δὲ
443 4091 546 4153 μέγεθος
564 4089 684 4153 ὑπάρχον
701 4091 758 4139 Λιἰτε
776 4091 904 4154 χρήσιμόν
925 4092 977 4140 ἔστι
1000 4095 1066 4155 πρὸς
1083 4093 1129 4149 τὰς
1149 4097 1201 4141 τῶν
1219 4094 1369 4153 ποιοτήτων

137 4179 270 4244 διαφοράς.
289 4184 399 4246 ἀφῖχθαί
418 4202 442 4232 τε
460 4187 545 4245 μέλλει
565 4187 605 4233 καὶ
624 4186 690 4249 πρὸς
709 4185 773 4248 ἡμᾶς
791 4187 871 4249 ὁρατι)
889 4187 989 4249 ἄτομος.

169 4274 189 4333 8)
223 4275 264 4324 Vs.
283 4279 339 4324 529.
374 4277 472 4340 Optime
497 4279 608 4328 restituit
624 4279 706 4328 losum
724 4280 845 4329 Munrous
864 4296 920 4328 oum
936 4283 1054 4328 ostendum
1071 4281 1174 4330 mutarit
1190 4281 1217 4330 in
1239 4286 1364 4335 ostendens.

136 4370 253 4420 Ceterum
270 4371 301 4421 of.
321 4372 351 4420 D.
371 4373 398 4422 L.
417 4374 456 4434 X,
476 4377 506 4422 42
524 4379 565 4424 ιιιιι·
578 4378 636 4426 καθ’
652 4376 763 4435 ἑκάστην
775 4375 803 4425 δέ
817 4375 971 4439 σχημάτισιν
985 4377 1075 4435 ἁπλῶς
1086 4378 1186 4441 ἄπειροί
1196 4379 1258 4428 εἰσιν
1269 4381 1365 4442 ἄτομοι.

169 4465 193 4527 ⁴)
226 4466 272 4528 11,
291 4468 346 4520 678.

169 4561 190 4623 ⁵)
225 4561 272 4624 II,
290 4579 327 4613 vs.
346 4566 401 4613 688.
437 4564 475 4614 of.
495 4568 557 4614 1012
577 4582 629 4630 sqq.
664 4564 751 4626 „Quin
768 4565 841 4616 stiam
863 4566 939 4616 refert
955 4567 1046 4618 nostris
1062 4567 1090 4617 in
1106 4569 1218 4619 versibus
1234 4569 1294 4633 ipsis
1311 4584 1367 4619 eum

135 4653 230 4722 quibus
258 4663 283 4708 st
311 4658 380 4725 quali
408 4659 460 4709 sint
481 4659 566 4710 ordine
584 4677 698 4727 quaeque
713 4661 810 4723 locata,
828 4661 850 4710 si
865 4677 916 4712 non
932 4662 1015 4712 omniu
1031 4668 1105 4724 sunt,
1123 4668 1148 4713 at
1164 4665 1243 4714 multo
1259 4662 1368 4714 maxima
