3196 5160
774 297 816 360 50

94 584 99 598 ¹
184 500 378 587 incorporeis
400 500 561 586 loquimur
582 499 615 563 id
638 498 825 584 opinamur,
850 498 934 584 quod
956 519 1015 584 per
1038 519 1071 562 se
1095 503 1144 562 est
1166 498 1413 584 incorporeum,

184 619 268 705 quod
298 624 390 682 extra
412 639 526 704 corpus
549 623 581 680 et
603 622 730 701 praeter
753 636 889 679 vacuum
913 621 1076 701 tamquam
1099 615 1195 678 tertia
1218 620 1333 680 natura
1355 637 1414 701 per

184 758 217 802 se
240 742 355 801 exstat.
402 736 506 801 Ἀλλὰ
529 737 591 817 μὴν
614 739 662 800 καὶ
686 731 756 799 τόδε
780 761 816 818 γε
840 731 885 799 δεῖ
906 742 1171 818 προςκατανοεῖν,
1200 737 1248 799 ὅτι
1269 736 1306 799 τὸ
1330 735 1412 799 ἀσώ-

182 883 282 938 ματον
311 854 396 939 λέγω
424 854 501 920 κατὰ
523 855 581 929 τὴν
604 851 756 928 πλείστην
780 850 907 932 ὁμιλίαν
930 859 985 915 τοῦ
1010 853 1168 933 ὀνόματος
1192 855 1239 916 ἐπὶ
1262 859 1319 917 τοῦ
1344 852 1412 918 καθ’

183 973 272 1037 ἑαυτὸ
296 975 468 1048 νοηθέντος
492 970 542 1035 ἄν.
573 968 616 1031 Et
639 975 706 1031 tum
730 968 852 1052 pergit:
877 967 947 1034 καθ’
972 970 1061 1033 ἑαυτὸ
1086 966 1117 1034 δὲ
1140 970 1198 1034 οὐκ
1220 969 1284 1034 ’ἔστι
1300 981 1412 1045 νοῆσαι

183 1093 219 1154 τὸ
250 1089 416 1170 ἀσώματον
451 1087 538 1163 πλὴν
567 1090 613 1152 ἐπὶ
638 1093 694 1150 τοῦ
719 1092 830 1152 κενοῦ.
867 1087 903 1150 τὸ
928 1082 958 1150 δὲ
983 1088 1073 1151 κενὸν
1098 1084 1167 1152 οὔτε
1190 1097 1318 1162 ποιῆσαι
1341 1087 1412 1154 οὔτε

182 1209 295 1271 παθεῖν
324 1204 471 1282 δύναται,
506 1204 592 1269 ἀλλὰ
617 1207 739 1280 κίνησιν
761 1205 863 1284 μόνον
888 1200 925 1267 δι’
949 1205 1058 1267 ἑαυτοῦ
1081 1212 1150 1278 τοῖς
1174 1205 1294 1285 σώμασι
1317 1207 1411 1290 παρέ-

184 1350 287 1408 χεται.
323 1322 400 1387 ὥσθ’
434 1325 464 1386 οἱ
499 1320 648 1404 λέγοντες
678 1320 848 1400 ἀσώματον
879 1319 954 1383 εἶναι
978 1321 1036 1394 τὴν
1058 1321 1168 1405 ψυχὴν
1190 1317 1411 1402 ματαΐζουσιν.

182 1437 274 1502 Haec
305 1444 413 1502 autem
447 1458 562 1518 causa,
597 1457 691 1522 quam
727 1435 886 1520 Epicurus
920 1434 971 1497 hic
1005 1440 1177 1518 memorat,
1201 1435 1314 1499 eadem
1338 1442 1411 1520 est,

183 1577 277 1641 quam
301 1575 410 1618 omnes
434 1554 464 1618 ei
488 1558 614 1617 veteres
629 1551 832 1637 philosophi,
856 1551 910 1637 qui
927 1572 1040 1615 revera
1054 1573 1191 1616 vacuum
1207 1573 1276 1616 esse
1293 1559 1411 1618 statue·

181 1673 276 1755 bant,
290 1672 475 1736 afferebant.
489 1671 583 1750 (Oum
597 1671 665 1734 loco
682 1670 811 1734 laudato
834 1670 874 1732 D.
888 1670 925 1733 L.
949 1669 991 1732 X.
1007 1672 1057 1733 67.
1081 1669 1120 1734 cf.
1144 1670 1244 1734 Arist.
1258 1671 1410 1756 physica,

181 1790 232 1854 IV
254 1790 397 1875 passim).
442 1789 559 1853 Procul
590 1788 685 1852 dubio
709 1787 914 1851 intervallum
936 1788 1020 1850 inter
1043 1809 1099 1870 ea,
1134 1809 1215 1874 quae
1239 1790 1336 1873 vulgo
1359 1810 1411 1853 res

182 1906 249 1970 sive
280 1927 413 1991 corpora
445 1905 670 1986 nominantur,
709 1903 794 1990 quod
834 1924 891 1967 nos
934 1908 966 1966 et
1000 1903 1157 1988 Epicurus
1187 1927 1313 1991 quoque
1336 1927 1410 1970 aere

180 2022 340 2107 repletum
375 2021 514 2102 scimus,
546 2021 681 2106 primam
712 2020 875 2084 notionem
902 2020 989 2084 dedit
1005 2021 1119 2103 vacui,
1146 2023 1295 2107 quoniam
1323 2023 1411 2086 vide-

180 2139 275 2203 batur
312 2139 347 2202 in
379 2160 416 2203 eo
450 2138 532 2202 nihil
563 2159 631 2201 esse
667 2144 700 2201 et
742 2159 799 2223 per
838 2137 924 2201 idem
962 2159 1071 2202 omnes
1105 2159 1156 2202 res
1188 2140 1410 2205 movebantur.

180 2257 306 2321 Deinde
342 2278 414 2320 cum
448 2277 486 2320 ea
508 2256 638 2319 notione
662 2256 855 2340 iungebatur
877 2255 997 2338 altera,
1031 2277 1147 2341 nempe
1170 2257 1252 2340 loci,
1281 2258 1337 2322 ubi
1359 2280 1411 2323 res

181 2379 277 2445 sunt,
313 2381 409 2440 Δοκεῖ
443 2371 481 2449 δὴ
514 2375 550 2438 τὸ
586 2374 677 2439 κενὸν
710 2376 810 2452 τόπος
845 2374 921 2439 εἶναι
945 2377 978 2439 ἐν
1001 2371 1025 2460 ᾦ
1046 2372 1141 2457 μηδὲν
1164 2378 1271 2440 ἐστιν.
1296 2379 1410 2442 τούτου

181 2488 309 2571 δἀἵτιον
334 2494 381 2557 ὅτι
404 2493 441 2556 τὸ
465 2491 504 2555 ὂν
527 2494 615 2572 σῶμα
640 2490 758 2555 οἴονται
781 2490 858 2555 εἶναι
869 2538 878 2567 ,
902 2496 967 2556 πῖιν
991 2488 1022 2556 δὲ
1037 2496 1127 2573 σῶμα
1142 2495 1174 2557 ἐν
1190 2494 1294 2578 τόπῳ,
1319 2496 1411 2559 κενὸν

181 2605 242 2674 δ’ἐν
278 2605 301 2694 ᾧ
335 2610 422 2694 τόπῳ
452 2604 547 2692 μηδὲν
570 2609 633 2673 ἐστι
657 2611 764 2684 σῶμα,
799 2609 872 2672 ὥστ’
896 2608 921 2672 ri
943 2636 1004 2673 που
1026 2611 1068 2690 μή
1092 2611 1154 2674 ἐστι
1178 2615 1284 2692 σῶμα,
1318 2612 1411 2676 κενὸν

182 2725 260 2791 εἶναι
293 2728 428 2791 ἐνταῦθα
459 2724 571 2808 (Arist.
606 2723 698 2810 phys.
731 2723 791 2788 IV.
829 2726 870 2808 7).
916 2726 995 2789 Mox
1017 2732 1126 2789 autem
1148 2725 1228 2790 haee
1251 2726 1313 2791 duo
1337 2749 1411 2790 con-

181 2840 415 2924 fundebantur3
439 2841 500 2905 etsi
522 2845 643 2923 τόπος,
670 2841 797 2924 ,locus,
821 2862 871 2905 res
894 2842 927 2905 in
950 2865 1011 2928 quo
1035 2863 1180 2929 quaeque
1201 2846 1410 2927 versantur,’'

182 2980 294 3023 revera
330 2965 396 3041 est,
430 2979 567 3022 vacuum
597 2980 674 3022 num
709 2958 770 3041 sit,
805 2959 909 3023 adhuc
938 2959 1076 3024 dubitari
1098 2966 1212 3046 potest.
1259 2961 1324 3025 Sed
1345 2962 1411 3026 iam

183 3078 260 3142 satis
295 3077 334 3141 de
368 3076 427 3140 his.
472 3077 605 3162 Epicuri
639 3097 760 3140 errores
793 3076 941 3141 refellere
975 3099 1039 3141 non
1069 3078 1165 3143 nimis
1189 3085 1237 3143 est
1260 3078 1411 3164 difficile;

184 3192 241 3258 sed
263 3214 336 3257 cum
359 3192 399 3256 de
421 3193 460 3256 iis
482 3191 686 3276 notionibus,
710 3213 791 3278 quae
815 3191 877 3256 huc
893 3192 1079 3257 referendae
1096 3195 1179 3277 sint,
1204 3195 1243 3258 de
1259 3201 1302 3281 τῷ
1319 3216 1411 3278 esse,

184 3311 223 3376 de
255 3311 353 3375 animi
384 3311 597 3394 conscientia,
631 3332 672 3375 ne
696 3311 852 3395 cogitasse
874 3310 1003 3396 quidem
1024 3311 1193 3395 videatur,
1227 3312 1303 3376 satis
1327 3319 1413 3376 esset

183 3429 307 3493 inutile.
362 3428 454 3492 Idem
488 3434 577 3514 patet
611 3429 644 3491 in
678 3429 768 3510 loeo,
803 3449 898 3514 quem
932 3450 1017 3491 nunc
1050 3433 1231 3493 tractamus.
1277 3429 1412 3495 Frustra

183 3545 331 3632 quaeris,
355 3546 425 3631 qui,
449 3566 522 3608 cum
545 3544 690 3628 singulae
715 3544 813 3607 atomi
837 3544 955 3607 sentire
978 3545 1206 3629 nonpossint,
1230 3545 1411 3630 complexio

183 3670 292 3729 tamen
309 3669 489 3727 atomorum
505 3662 642 3745 sentiat,
659 3662 789 3748 quinam
806 3661 944 3744 sentiat,
969 3683 1041 3725 cum
1057 3662 1154 3726 atomi
1169 3683 1233 3726 non
1248 3663 1411 3747 sentiant,

184 3788 259 3846 cett.
306 3780 498 3862 Lucretius,
533 3779 623 3844 cuius
657 3780 743 3843 dicta
776 3778 938 3864 explicare
972 3800 1057 3843 nunc
1090 3799 1283 3864 pergemus,
1322 3781 1412 3857 nullo

185 3899 279 3962 modo
301 3899 491 3982 magistrum
513 3897 662 3962 correxit.
710 3896 828 3962 Contra
851 3896 891 3960 ad
913 3896 1054 3960 litteram
1076 3897 1143 3961 fere
1167 3917 1240 3960 eum
1256 3898 1411 3984 sequitur.

185 4016 282 4081 Vitae
305 4039 382 4080 usus
405 4021 437 4081 et
461 4016 662 4081 consuetudo
685 4014 800 4079 docent
823 4035 905 4100 quae
928 4014 1068 4109 sentiant
1089 4020 1165 4079 nata
1187 4036 1256 4080 esse
1279 4035 1322 4079 ex
1344 4021 1413 4080 ato·

184 4134 266 4217 mis,
290 4155 371 4220 quae
394 4155 458 4197 non
481 4134 638 4215 sentiant,
673 4154 745 4197 cum
768 4132 933 4196 videamus
953 4153 1079 4196 vermes
1101 4133 1188 4197 nasci
1211 4153 1229 4197 e
1252 4138 1413 4217 stercore,

185 4251 310 4338 plantas
334 4272 367 4314 se
391 4257 517 4315 vertere
539 4252 573 4314 in
596 4271 728 4336 corpora
749 4249 944 4314 animalium.
990 4248 1145 4313 Attamen
1166 4270 1230 4313 non
1254 4270 1296 4313 ex
1312 4249 1414 4313 omni·

185 4368 245 4432 bus
268 4367 398 4432 omnino
420 4367 516 4431 rebus
540 4368 655 4432 sensile
679 4367 843 4451 extemplo
866 4365 911 4428 fit.
958 4365 1036 4430 Vita
1051 4366 1136 4429 enim
1151 4366 1271 4451 pendet
1286 4372 1413 4431 tantum

186 4504 228 4547 ex
251 4484 362 4548 ordine
385 4489 564 4548 atomorum
588 4503 761 4569 earumque
783 4481 1004 4566 magnitudine
1028 4487 1060 4545 et
1083 4481 1193 4546 forma.

228 4603 401 4667 Praeterea
424 4601 511 4684 (902)
535 4600 589 4686 qui
612 4600 726 4663 sensile
749 4620 841 4683 posse
865 4599 965 4663 creari
988 4621 1006 4663 e
1029 4600 1197 4664 sensilibus
1221 4597 1412 4685 opinantur,
