3196 5160
778 321 820 384 52

184 520 387 604 invenimus,
422 518 507 607 quod
540 519 603 585 huc
636 520 838 587 referendum
862 523 912 587 sit.
957 522 1113 588 Attamen
1142 546 1207 589 non
1231 525 1414 590 dubitamus

184 639 261 725 quin
291 644 386 724 poeta
407 637 459 703 hio
482 659 607 724 quoque
631 640 850 704 tantummodo
874 641 1103 726 interpretetur
1126 641 1286 706 Graecum
1308 642 1412 729 philo·

184 757 329 843 sophum.
385 757 589 821 Democritus
634 758 811 823 affirmabat
848 780 957 822 omnes
995 780 1046 823 res
1083 759 1200 823 mentis
1236 761 1411 846 participes

184 896 252 939 esse
272 875 292 958 ¹)
328 875 401 957 vel,
433 880 469 938 ut
503 874 705 959 Augustinus
738 876 855 959 refert,
879 876 983 940 inesse
1007 877 1205 940 concursioni
1233 883 1411 942 atomorum

182 995 249 1058 vim
286 993 455 1080 quamdam
493 994 664 1058 animalem
700 1000 732 1058 et
767 995 943 1080 spiritalem
959 994 991 1078 ²).
1047 995 1128 1060 Cum
1163 997 1247 1060 enim
1270 1003 1411 1060 mentem

184 1112 270 1176 idem
293 1133 362 1176 esse
385 1117 480 1198 atque
504 1112 642 1176 animam
667 1112 768 1195 dicat,
794 1122 825 1176 et
851 1113 991 1176 animam
1014 1112 1099 1176 idem
1115 1119 1211 1198 atque
1228 1113 1363 1178 calidam
1379 1119 1411 1178 et

183 1229 350 1293 ardentem
372 1229 557 1311 materiem,
580 1229 614 1291 in
637 1228 784 1293 omnibus
806 1230 901 1293 rebus
924 1235 972 1293 tot
995 1236 1103 1316 partes
1126 1231 1244 1294 mentis
1265 1237 1297 1294 et
1313 1231 1411 1295 animi

183 1345 287 1410 inesse
323 1351 437 1431 putare
461 1345 576 1427 debet,
612 1350 689 1430 quot
711 1346 797 1409 vitae
821 1352 853 1410 et
876 1346 987 1410 caloris
1010 1346 1128 1411 insunt.
1174 1347 1260 1412 Huic
1283 1354 1410 1431 autem,

183 1461 356 1526 secundum
390 1460 631 1545 Augustinum,
666 1461 823 1546 Epicurus
845 1484 986 1548 pugnam
1009 1468 1134 1546 movet,
1163 1464 1217 1550 qui
1240 1463 1321 1527 nihil
1345 1486 1410 1528 om-

182 1579 257 1643 nino
290 1579 325 1642 in
358 1578 523 1664 principiis
558 1599 664 1642 rerum
698 1579 788 1664 ponit
814 1587 941 1664 praeter
969 1586 1100 1645 atomos
1147 1580 1232 1644 Eum
1256 1581 1410 1646 adversus

182 1697 267 1761 hunc
298 1703 331 1761 et
361 1697 439 1761 alios
461 1697 547 1760 idem
571 1697 744 1761 sentientes
767 1696 970 1783 philosophos
993 1698 1053 1761 hoc
1076 1698 1161 1761 idem
1185 1704 1410 1782 argumentum

181 1813 367 1899 protulisse,
399 1813 483 1899 quod
513 1813 606 1877 affert
636 1813 823 1896 Lucretius,
847 1814 999 1878 nonnulla
1022 1814 1173 1878 animalia
1197 1834 1239 1877 ex
1262 1813 1340 1900 ipsis
1362 1834 1412 1878 re·

181 1931 241 1995 bus
273 1931 440 2013 inanimis,
475 1932 562 1994 velut
596 1951 721 1994 vermes
756 1952 797 1995 ex
820 1932 935 1995 tellure
959 1930 1093 1995 humida
1116 1931 1169 1995 vel
1193 1938 1333 1995 stercore
1356 1953 1412 2016 pu·

182 2049 264 2113 trido
295 2049 401 2133 gigni,
435 2046 495 2112 hoc
528 2047 620 2111 nobis
653 2049 847 2134 persuadet,
882 2049 966 2134 quod
999 2048 1208 2132 Aristoteles,
1241 2070 1335 2134 quem
1371 2048 1411 2113 ab

183 2165 322 2251 Epicuro
344 2166 462 2229 lectum
486 2186 554 2229 esse
578 2165 705 2229 aliunde
728 2171 869 2248 constat,
892 2166 978 2229 idem
1001 2165 1108 2230 refert.
1154 2166 1193 2229 In
1208 2167 1312 2252 primo
1329 2166 1411 2230 libro

183 2283 222 2348 de
246 2303 318 2368 gen.
342 2282 469 2346 animal.
493 2305 524 2368 p.
550 2285 633 2364 715,
668 2281 706 2360 b,
741 2284 781 2365 4,
815 2283 956 2368 loquitur
980 2283 1018 2346 de
1042 2282 1252 2366 animalibus,
1286 2288 1346 2349 ὅσα
1368 2287 1411 2367 μὴ

183 2404 214 2467 ἐκ
247 2399 338 2487 ζῴων
369 2400 442 2466 ἀλλ’
466 2403 497 2465 ἐκ
521 2403 698 2483 σηπομίνης
721 2410 776 2478 τῆς
799 2400 879 2479 ὕλης
901 2406 1076 2464 nascuntur
1098 2405 1130 2464 et
1153 2400 1187 2464 in
1210 2400 1290 2464 libro
1315 2401 1411 2465 tertio

182 2540 213 2603 p.
249 2520 331 2600 761,
369 2538 408 2599 a,
445 2521 601 2580 memorat
635 2516 804 2598 animalia,
844 2537 925 2602 quae
955 2518 1013 2582 οὐκ
1048 2517 1111 2582 ἀπὸ
1147 2521 1325 2603 σπέρματος
1355 2516 1412 2581 sed

183 2635 340 2716 αὐτόματα
376 2634 530 2698 oriuntur.
574 2634 613 2696 In
650 2632 730 2697 libro
767 2633 869 2718 primo
904 2632 942 2696 de
978 2634 1073 2696 anim.
1109 2655 1140 2719 p.
1176 2636 1261 2715 409,
1284 2633 1323 2716 b,
1358 2635 1410 2697 23.

182 2750 372 2816 Aristoteles
406 2750 483 2814 dicit
513 2751 648 2816 λείπεται
684 2748 711 2816 δ’
727 2752 951 2834 ἐπισκέψασθαι
982 2755 1051 2826 πῶς
1086 2750 1207 2837 λέγεται
1233 2752 1269 2815 τὸ
1293 2754 1412 2818 ἐκτῶν

184 2874 350 2956 στοιχείων
364 2870 462 2946 αὐτὴν
477 2869 698 2955 (ψυχὴν)ε7ναι.
731 2868 781 2931 De
794 2867 833 2931 iis
845 2872 952 2931 autem
975 2868 1071 2953 paulo
1094 2873 1165 2952 post
1189 2867 1251 2931 ait:
1275 2872 1413 2934 τίθενται

182 2990 245 3074 γὰρ
279 2986 446 3074 γνωρίζειν
479 2976 523 3073 τῷ
555 2989 654 3072 ὁμοίῳ
687 2986 723 3050 τὸ
755 2989 884 3067 ὅμοιον,
912 2987 1023 3071 Ἰὥσπερ
1047 2985 1086 3051 ἂν
1110 2989 1133 3050 εἶ
1157 2988 1214 3061 τὴν
1237 2987 1348 3071 ψυχὴν
1371 2985 1409 3050 τὰ

180 3107 350 3190 πράγματα
372 3107 529 3186 τιθέντες,
554 3103 743 3189 quibuscum
767 3103 793 3165 si
816 3101 1031 3186 composueris
1053 3122 1099 3164 vs.
1126 3102 1207 3184 915,
1231 3094 1273 3164 2'3
1299 3100 1410 3181 „vitali

181 3228 218 3287 ut
251 3222 372 3308 possint
407 3221 606 3285 consentire
641 3220 781 3305 undique
816 3240 911 3282 sensu
945 3219 1090 3303 (atomi),
1125 3218 1169 3282 sic
1192 3217 1303 3281 itidem
1327 3237 1409 3304 quae

182 3341 336 3405 sentimus
373 3339 491 3404 sentire
514 3359 644 3402 necesse
668 3339 759 3420 est'',
790 3337 1031 3400 similitudinem
1054 3336 1163 3400 adesse
1194 3356 1312 3420 negare
1344 3357 1410 3400 non

181 3458 308 3544 poteris.
354 3456 412 3520 Vs.
448 3459 531 3539 919,
566 3457 608 3519 20
645 3460 696 3537 „at
730 3459 822 3518 coetu
846 3454 1042 3539 concilioque
1065 3453 1111 3516 nil
1139 3453 1258 3517 facient
1281 3457 1411 3537 praeter

180 3577 312 3660 volgum
345 3575 533 3660 turbamque
568 3574 787 3638 animantum'’
822 3572 888 3636 fere
920 3571 960 3636 ad
983 3571 1116 3635 verbum
1140 3571 1313 3634 concinunt
1336 3591 1410 3634 cum

181 3717 211 3780 p.
236 3695 320 3776 410,
343 3717 380 3776 a,
408 3695 464 3756 18:
500 3692 519 3768 ἢ
546 3695 704 3778 φήσουσιν
728 3693 858 3757 ἑκάστου
880 3694 995 3776 γίνονς
1018 3691 1094 3755 εἶναι
1118 3698 1259 3776 στοιχεῖα
1282 3692 1330 3754 καὶ
1354 3687 1410 3773 ἆρ-

181 3812 246 3897 χδς
275 3809 374 3888 ἰδίας,
409 3807 443 3884 ἐξ
475 3810 520 3874 ὧν
553 3810 610 3885 τὴν
645 3809 752 3894 mciv
788 3808 992 3889 συνεστάναι;
1022 3803 1106 3872 ἐ’σται
1139 3805 1200 3890 ἄρα
1230 3805 1335 3870 ποσὸν
1359 3807 1409 3870 καὶ

181 3929 275 3994 ποιὸν
324 3931 372 3994 καὶ
411 3928 535 3992 οὐσία·
573 3924 661 3992 ἀλλ’
710 3921 917 3990 ιἰδίινατον
965 3927 1003 3989 ἐκ
1048 3928 1127 3989 τῶν
1166 3928 1237 3988 τοῦ
1275 3927 1409 3987 ποσοῦ

182 4049 403 4132 στοιχείων
434 4045 584 4110 οὐσίαν
614 4044 714 4108 εἶναι
738 4046 802 4108 καὶ
825 4042 875 4123 μὴ
898 4043 1041 4107 ποσόν.
1086 4039 1256 4105 Lucretius
1278 4059 1326 4103 vs.
1344 4038 1409 4102 892

215 4363 234 4429 ¹)
269 4363 335 4412 Plut.
352 4333 416 4426 plac.
434 4362 480 4412 IV.
498 4377 550 4426 cap.
568 4367 598 4424 4,
616 4368 639 4412 4.
671 4361 699 4412 '0
716 4363 740 4414 δὲ
758 4363 915 4428 Δημόκριτος
934 4363 1023 4415 πάντα
1038 4362 1150 4427 μετέχειν
1161 4361 1221 4426 φησὶ
1232 4359 1318 4424 ψυχῆς
1331 4360 1409 4416 ποιᾶς

181 4460 223 4508 καὶ
240 4459 272 4507 τὰ
287 4461 365 4522 νεαρὰ
382 4463 434 4509 τῶν
450 4460 586 4518 σωμάτων,
603 4456 667 4509 διότι
684 4459 723 4508 ἀεὶ
740 4458 867 4525 διαφανῶς
884 4478 954 4518 τινος
970 4461 1063 4523 θερμοῦ
1076 4460 1117 4508 καὶ
1129 4455 1280 4516 αἰσθητικοῦ
1293 4451 1409 4519 μιτίχει,

182 4555 227 4604 τοῦ
244 4554 364 4611 πλείονος
380 4551 571 4616 διαπνεομένου.

212 4647 231 4708 ²)
264 4649 371 4713 August.
388 4646 468 4712 Epist.
481 4629 553 4698 LVI.
569 4661 626 4711 pag.
644 4649 699 4699 273.
