3196 5160
767 334 824 395 131

183 538 317 619 uterque
347 534 381 596 in
415 533 540 619 capite,
575 533 630 596 ubi
663 539 731 619 περὶ
756 537 883 618 τροπῶν
907 533 1001 609 ἡλίου
1024 533 1140 617 agitur.
1184 535 1299 621 Itaque
1322 535 1408 621 apud

183 650 420 714 Anaximenem
458 671 583 736 quoque
618 655 733 737 τροπαί
771 650 871 713 stellis
905 651 1110 715 tribuuntur:
1145 651 1303 738 Epicurus
1339 654 1408 716 eius

179 767 359 831 doctrinam
393 768 532 831 referens
563 767 695 831 fortasse
726 767 811 830 idem
833 766 909 830 fecit
933 774 964 830 et
988 768 1159 833 Lucretius
1183 791 1257 833 eum
1280 776 1408 834 secutus

185 891 232 949 est
251 888 280 967 ¹).
340 887 507 950 Paucitate
544 891 576 949 et
618 885 775 949 brevitate
813 885 1063 968 fragmentorum
1102 886 1294 972 impedimur
1332 909 1408 973 quo-

184 1003 288 1066 minus
319 1003 477 1088 Epicurea
499 1025 571 1067 oum
594 1009 708 1089 poetae
732 1002 837 1066 verbis
861 1024 1101 1087 componamus,
1125 1003 1181 1066 sed
1204 1010 1312 1068 tamen
1335 1026 1408 1068 eum

186 1120 287 1183 simile
317 1120 393 1206 quid
417 1121 560 1184 docuisse
584 1128 616 1184 et
639 1121 826 1185 Lucretium
849 1141 891 1183 ex
915 1120 983 1183 eius
1007 1121 1132 1205 scriptis
1154 1120 1298 1184 hausisse
1321 1121 1408 1186 vide-

184 1235 231 1300 bis
255 1257 297 1299 ex
319 1235 358 1298 D.
382 1237 419 1299 L.
444 1236 485 1299 X.
511 1239 571 1300 93:
606 1238 728 1322 τροπὰς
751 1235 844 1311 ἡλίου
869 1241 917 1300 καὶ
942 1235 1080 1311 σελήνης
1104 1234 1257 1323 ἐνδέχεται
1279 1242 1335 1319 μὲν
1358 1241 1408 1323 γί-

186 1358 291 1418 νεσθαι
315 1354 389 1418 κατὰ
414 1352 555 1427 λόξωσιν
579 1355 737 1439 οὐρανοῦ,
761 1353 842 1418 οὕτω
866 1363 934 1428 τοῖς
950 1356 1083 1440 χρόνοις
1102 1358 1407 1440 κατηναγκασμένου.

188 1472 274 1536 Κατὰ
297 1469 437 1544 λόξωσιν
450 1473 589 1551 οὐρανοῦ
603 1470 688 1534 idem
701 1476 748 1533 est
761 1476 855 1555 atque
871 1472 946 1535 κατὰ
959 1472 1017 1546 τὴν
1030 1469 1173 1544 λόξωσιν
1185 1479 1242 1536 τοῦ
1256 1470 1410 1546 ζωδιακοῦ

186 1587 312 1653 κύκλου,
340 1588 517 1672 Praecipua
539 1610 655 1670 causa,
683 1609 779 1674 quam
802 1587 972 1650 Lucretius
996 1587 1028 1650 in
1051 1587 1317 1672 praecedentibus
1339 1611 1409 1652 ver·

186 1705 271 1769 sibus
293 1706 527 1791 praetermisit,
563 1706 686 1769 utiam
709 1705 865 1786 vidimus,
897 1705 936 1767 ab
959 1703 1099 1789 Epicuro
1122 1705 1175 1770 hic
1197 1713 1409 1791 memoratum

187 1822 382 1886 desideratur
417 1829 524 1885 tamen
557 1822 682 1908 reliqua
716 1843 791 1906 pars
814 1820 1059 1906 explicationis,
1095 1821 1222 1886 videtur
1244 1828 1411 1908 praeterea

187 1942 332 2026 opinatus
366 1962 435 2005 esse
469 1941 626 2027 Epicurus
661 1941 785 2004 caelum
818 1946 978 2004 vetustate
1009 1941 1062 2004 vel
1093 1941 1188 2005 simili
1212 1964 1306 2008 causa
1330 1951 1410 2024 (τοῖς

187 2087 239 2144 χρ.
263 2062 378 2140 κοτην.)
403 2080 473 2122 eam
497 2059 656 2144 obliquam
679 2058 855 2142 posituram
877 2047 1005 2122 nactum
1029 2079 1107 2121 esse.
1142 2058 1267 2123 Deinde
1292 2065 1410 2143 ὁμοίως

187 2173 216 2240 δὲ
251 2179 298 2240 καὶ
332 2177 395 2240 κατ’
425 2177 518 2260 ἀέρος
548 2174 718 2249 ἀντέξωσιν
750 2174 904 2259 explicari
926 2181 1031 2258 potest
1054 2174 1134 2238 illud
1156 2174 1409 2260 phaenomenon.

185 2292 322 2358 Difficile
357 2300 404 2356 est
436 2294 613 2357 discernere
647 2315 723 2356 num
753 2314 808 2356 aer
838 2293 896 2356 soli
927 2293 1058 2356 obsistat
1091 2294 1135 2356 sic
1158 2299 1194 2357 ut
1217 2294 1291 2357 solis
1314 2314 1410 2379 quam

187 2410 348 2475 stellarum
371 2410 542 2474 tardiorem
566 2415 686 2472 motum
709 2409 821 2491 faciat,
845 2431 886 2472 an
909 2431 984 2473 vero
1008 2410 1074 2491 ita,
1098 2416 1134 2473 ut
1156 2410 1310 2495 impediat
1333 2431 1410 2496 quo-

186 2529 291 2590 minus
314 2527 360 2589 sol
387 2528 507 2590 flexum
530 2527 707 2590 brumalem
730 2533 762 2589 et
777 2532 895 2589 metam
912 2526 1111 2591 solstitialem
1135 2527 1409 2611 transgrediatur:

185 2650 298 2708 neutra
321 2650 428 2708 tamen
451 2645 622 2729 explicatio
646 2665 718 2707 cum
741 2644 883 2707 Lucretii
908 2644 1048 2708 secunda
1071 2645 1226 2728 congruit.
1262 2645 1409 2732 Denique

188 2763 267 2825 duae
296 2763 456 2845 rationes,
487 2784 564 2847 quas
598 2768 764 2846 praeterea
795 2763 954 2847 Epicurus
985 2762 1121 2849 probat,
1160 2763 1244 2848 apud
1281 2769 1410 2848 poetam

186 2901 250 2943 non
271 2880 487 2943 inveniuntur.

230 2997 312 3062 Solis
345 3004 431 3061 ortus
465 3003 497 3061 et
527 3019 655 3060 occasus
686 2997 798 3060 itidem
827 2997 971 3082 pluribus
994 2998 1096 3061 modis
1118 2998 1187 3061 fieri
1212 3003 1346 3082 possunt
1362 2999 1409 3081 2);

188 3135 315 3179 occasus
348 3119 403 3178 aut
436 3115 510 3199 quia
542 3114 637 3197 longo
672 3136 766 3177 cursu
800 3113 970 3198 languidus
1002 3115 1048 3178 sol
1082 3106 1204 3178 lumina
1227 3136 1284 3178 sua
1307 3115 1412 3178 extin-

187 3224 256 3316 guit
267 3228 313 3314 ³),
340 3237 413 3313 ,aut
431 3232 505 3317 quia
528 3232 585 3294 sub
609 3238 710 3295 terras
733 3253 860 3295 cursum
884 3237 1069 3296 convortere
1093 3231 1179 3315 cogit
1201 3233 1251 3295 vis
1274 3232 1409 3314 eadem,

187 3370 283 3433 supra
305 3369 386 3434 quae
409 3353 509 3411 terras
531 3348 663 3432 pertulit
686 3347 815 3411 orbcm”
841 3350 1002 3430 (uagas),
1035 3368 1149 3411 aurora
1170 3368 1247 3411 vero
1265 3354 1321 3412 aut
1338 3347 1413 3433 quia

187 3467 245 3530 sub
257 3471 358 3530 terras
368 3472 531 3529 revertens
543 3487 651 3528 rursus
666 3465 752 3528 idem
769 3465 815 3528 sol
828 3467 951 3529 caelum
967 3464 1131 3546 accendit,
1159 3470 1233 3546 ,aut
1249 3465 1324 3550 quia
1340 3486 1413 3527 con-

187 3584 322 3648 veniunt
344 3584 435 3667 ignes
455 3589 487 3646 et
506 3584 626 3647 semina
646 3583 748 3646 multa
760 3584 918 3646 confluere
930 3582 1050 3645 ardoris
1064 3588 1257 3645 consuerunt
1269 3587 1413 3666 tempore

187 3707 295 3785 certo,
319 3722 400 3787 quae
415 3700 536 3764 faciunt
559 3700 632 3763 solis
655 3720 737 3762 ιιουα
760 3720 884 3784 semper
905 3699 1026 3762 lumina
1049 3698 1170 3782 gigni.'’
1211 3698 1304 3772 Quod
1327 3704 1413 3763 certo

223 4009 240 4073 Ι)
276 4008 314 4058 cf.
333 4007 394 4057 Zell.
413 4008 451 4057 die
468 4006 535 4056 Phil.
554 4008 596 4056 der
613 4007 655 4055 Gr.
676 4009 705 4065 1,
724 4008 770 4054 228
787 4010 838 4054 not.
859 4009 889 4064 1,
907 4003 948 4054 cui
964 4009 1047 4054 tamen
1064 4005 1194 4054 concedere
1205 4019 1255 4053 non
1265 4019 1412 4066 possumus,

188 4102 216 4152 in
231 4102 263 4152 iis
279 4102 339 4152 locis
355 4119 404 4151 non
421 4117 557 4152 sermonem
574 4116 628 4150 essa
646 4102 675 4149 de
692 4099 740 4160 iis,
758 4115 821 4164 quae
840 4099 916 4162 vulgo
933 4101 1028 4164 τροπαὶ
1045 4103 1180 4156 vocantur,
1197 4096 1380 4160 phoenomenis.

221 4195 243 4260 ²)
276 4195 319 4246 vs.
338 4198 457 4244 cao-so.
1169 4195 1170 4198 ¹

222 4291 241 4350 ³)
274 4291 321 4340 Est
346 4289 457 4339 doctrina
473 4288 606 4338 Heracliti:
634 4289 705 4338 Plato
731 4289 792 4351 Rep.
810 4287 863 4347 VI,
886 4290 949 4346 498,
971 4286 1008 4334 A:
1027 4290 1092 4350 πρὸς
1109 4285 1134 4335 δὲ
1151 4289 1179 4336 τὸ
1196 4289 1276 4351 γῆρας
1293 4285 1365 4342 ἐκτὸς
1382 4284 1413 4345 δὴ

190 4405 267 4437 τινων
283 4386 377 4450 ὀλίγων
393 4385 602 4447 ἀποσβέννυνται
619 4385 688 4434 πολι)
706 4386 808 4447 μᾶλλον
827 4386 871 4432 τοῦ
890 4378 1078 4446 Ἡρακλειτείου
1096 4378 1188 4442 ἡλίου,
1206 4380 1267 4430 ὅσον
1280 4381 1356 4437 αὖθις
1367 4380 1413 4429 οὐκ

190 4481 354 4536 ἔξάπτοντοι.
387 4479 459 4528 Alex.
484 4478 593 4541 Aphrod.
619 4480 650 4527 ad
675 4479 750 4527 Arist.
772 4477 874 4526 Meteor.
893 4475 938 4538 II,
965 4477 987 4523 2.
1006 4477 1067 4534 355,
1092 4488 1122 4534 a,
1143 4477 1189 4522 12:
1213 4475 1243 4524 ot
1261 4474 1356 4536 μόνον,
1380 4475 1413 4532 ὡς

189 4572 352 4639 Ἡράκλειτός
369 4583 444 4639 φησι,
457 4573 513 4631 νίας
530 4575 564 4639 ἐφ’
583 4572 661 4638 ἡμίρρ
679 4573 712 4623 ἂν
729 4574 778 4633 ἡν,
796 4573 852 4622 καθ’
866 4570 976 4631 ὲιιάστην
987 4569 1084 4634 ἡμέραν
1095 4570 1176 4627 ἄλλος
1189 4569 1349 4632 ἁπτόμενος,
1368 4569 1413 4618 τοῦ

192 4672 294 4734 πρῶτον
310 4668 339 4720 ἐν
357 4673 389 4735 τῇ
407 4667 474 4718 δόσει
492 4667 674 4732 σβεννυμένου.

1244 4757 1282 4821 9*
