3196 5160
779 293 820 356 53

193 517 279 583 seqq.
315 497 393 564 dicit
427 520 510 581 „non
537 519 580 563 011
617 497 764 562 omnibus
797 495 948 577 omnino,
983 515 1191 581 quaecunque
1214 501 1324 561 0101111
1345 517 1417 581 101,

194 614 309 678 sensile
341 620 373 678 et
403 615 566 700 extemplo
590 636 641 678 me
664 614 754 698 gigni
777 612 882 676 dicere
905 613 1054 695 sensus’'‚
1086 612 1169 676 sicut
1190 612 1246 676 alii
1267 613 1417 678 statuisse

194 730 351 795 videntur.
397 731 495 796 Arist.
521 730 559 794 de
583 729 679 794 anim.
703 752 734 815 p.
759 731 842 812 411,
866 750 906 812 1,
931 731 967 793 7:
997 734 1045 795 καὶ
1070 732 1102 795 ἐν
1124 734 1169 816 τῷ
1191 728 1259 816 ὅλῳ
1281 727 1314 796 δέ
1335 759 1417 810 τινες

194 849 292 925 αὐτὴν
324 853 475 937 μεμῐχῦαί
508 863 620 935 φασιν,
656 851 731 913 ὅθεν
753 847 833 923 ἴσως
866 853 914 913 καὶ
944 848 1053 924 θηλῆς
1074 848 1162 934 <plaido
1184 849 1287 914 πάντα
1309 847 1416 936 πλήρη

193 969 276 1031 θεῶν
308 966 404 1032 εἶναι.
438 973 533 1032 τοῦτο
568 963 594 1032 δ’
621 966 684 1052 ἕχει
718 967 808 1040 τινὰς
831 966 986 1051 ἀπορίας·
1011 963 1059 1031 ded
1081 969 1151 1032 τίνα
1173 965 1235 1053 γᾶρ
1259 969 1360 1032 αἰτίαν
1383 969 1415 1033 ἐν

192 1086 247 1162 μὲν
269 1087 313 1168 τῷ
334 1083 398 1167 ἆὲρι
422 1082 440 1159 ἢ
463 1087 508 1169 τῷ
529 1087 603 1166 πυρὶ
628 1081 707 1147 οὖσα
732 1084 750 1157 ἡ
773 1082 862 1166 ψυχὴ
886 1082 924 1146 οὐ
939 1090 1021 1146 ποιεῖ
1043 1079 1146 1167 ζῴον,
1170 1084 1202 1146 ἐν
1226 1079 1257 1148 δὲ
1273 1091 1342 1158 τοῖς
1355 1111 1419 1163 μικ·

193 1208 281 1282 τοῖς,
310 1221 403 1284 porro
434 1220 506 1264 cum
528 1198 616 1264 111100
638 1198 744 1263 verbis
766 1200 807 1283 (p.
831 1200 915 1281 411,
939 1220 979 1280 a,
1002 1198 1054 1282 2):
1079 1197 1136 1264 εἴτε
1159 1196 1204 1265 δεῖ
1226 1202 1284 1276 τὴν
1307 1202 1416 1287 ψυχὴν

193 1317 302 1381 ἐκτῶν
319 1320 485 1402 στοιχείων
500 1326 614 1392 ποιεῖν,
637 1316 733 1381 οὐδὲν
749 1313 794 1382 δεῖ
809 1313 843 1388 ἐξ
858 1315 1018 1397 ἁπάντων,
1035 1315 1306 1391 0011011111111894
1322 1336 1415 1402 seqq:

196 1431 271 1513 „sed
300 1431 408 1516 magni
430 1431 549 1496 referre
573 1452 611 1496 01
633 1431 772 1517 primum
795 1430 949 1516 quantula
971 1431 1137 1495 constent”
1162 1436 1234 1495 cett.
1282 1431 1417 1516 Saepius

192 1555 355 1634 usurpata
376 1549 432 1613 1111
460 1549 566 1633 imago
594 1548 674 1613 caeli
696 1549 796 1634 patris
819 1553 851 1611 et
874 1553 978 1611 terrac
1001 1547 1206 1628 11111111(991
1233 1549 1332 1634 seqq.)
1357 1549 1417 1612 etsi

193 1665 324 1731 fortasse
348 1687 365 1730 e
388 1667 551 1731 veteribus
573 1667 676 1753 poetis
699 1671 842 1752 sumpta,
859 1671 967 1729 tamen
980 1686 1023 1729 011
1035 1664 1219 1730 Aristotelis
1231 1671 1279 1729 est
1293 1671 1416 1730 mente:

193 1783 232 1848 de
247 1785 343 1848 anim.
361 1806 432 1869 gen.
450 1785 476 1849 Ι.
492 1807 523 1871 p.
542 1787 621 1867 716,
645 1806 683 1866 a,
702 1787 761 1848 13:
788 1783 882 1870 ἄρρεν
905 1788 961 1865 μὲν
984 1782 1045 1868 γᾶρ
1069 1783 1205 1870 λέγομεν
1221 1782 1305 1870 ζῷον
1319 1785 1355 1849 τὸ
1372 1788 1416 1860 εἶς

193 1902 278 1968 ἄλλο
310 1907 451 1988 γεννῶν,
486 1903 570 1979 θῆλυ
604 1900 636 1968 δὲ
664 1903 699 1966 τὸ
723 1904 766 1977 εἷς
790 1902 887 1966 αὑτό.
924 1898 971 1967 διὸ
997 1905 1044 1966 καὶ
1069 1904 1102 1967 ἐν
1125 1907 1168 1987 τῷ
1191 1899 1258 1987 ὅλῳ
1281 1903 1338 1978 τὴν
1360 1910 1417 1978 τῆς

193 2030 252 2105 γῆς
286 2023 381 2105 φύσιν
409 2020 453 2094 ὡς
476 2018 560 2096 θῆλυ
583 2024 632 2084 καὶ
654 2021 768 2104 μητέρα
792 2016 998 2102 νομίζουσιν,
1035 2019 1175 2103 οὐρανὸν
1198 2015 1300 2084 δὲκαὶ
1323 2016 1416 2094 ἥλιον

193 2135 262 2211 ἤτι
296 2142 360 2202 τῶν
388 2135 501 2202 ἄλλων
534 2140 772 2202 τῶντοιούτων
796 2137 839 2212 ὡς
863 2141 1045 2221 γεννῶντας
1068 2140 1117 2201 καὶ
1140 2138 1419 2223 πατίροςπροσα·

193 2256 390 2340 γορεύουσιν.
435 2254 539 2317 Tanta
562 2275 634 2316 cum
657 2253 838 2317 inveniatur
862 2251 1053 2335 similitudo,
1077 2273 1206 2316 necesse
1230 2258 1277 2317 est
1300 2258 1418 2317 statua

192 2391 262 2434 mus
285 2371 455 2457 quamdam
477 2371 748 2435 necessitudinem
771 2360 838 2434 sive
862 2370 1049 2434 affinitatem
1073 2392 1141 2435 esse
1164 2371 1247 2436 inter
1258 2392 1312 2454 01,
1336 2391 1418 2457 quae

192 2488 361 2553 Lucretius
391 2489 476 2553 canit
510 2495 542 2553 et
574 2511 654 2575 qnae
678 2490 717 2553 ab
740 2488 915 2552 Aristotele
938 2488 1149 2573 proferuntur.
1196 2489 1354 2554 seucum
1376 2511 1417 2554 ne

192 2627 309 2670 nomen
344 2607 472 2693 quidem
497 2607 668 2692 Stagyritis
691 2605 776 2692 apud
798 2612 944 2669 nostrum
966 2606 1145 2690 reperiatur
1167 2612 1200 2669 01
1221 2606 1310 2670 nulla
1332 2606 1416 2688 11111,

162 2731 164 2735 ’
193 2745 274 2810 quae
308 2745 367 2788 nos
400 2724 561 2790 adducant
594 2730 630 2788 ut
664 2744 736 2788 eum
772 2723 939 2788 Aristoteli
962 2723 1121 2787 studuisse
1148 2722 1331 2806 credamus,
1353 2745 1417 2787 non

192 2842 361 2906 temeraria
384 2847 433 2906 est
454 2847 562 2906 nostra
585 2833 702 2927 opinio,
726 2841 924 2907 censentium
946 2840 1122 2926 Epicurum
1144 2839 1224 2906 11100
1246 2841 1352 2905 omnia
1375 2861 1417 2904 ex

192 2957 375 3043 Aristotelis
409 2959 534 3045 scriptis
568 2959 707 3043 legisse,
741 2964 837 3045 atque
872 2979 914 3021 ex
945 2958 1032 3021 illius
1054 2957 1181 3043 scriptis
1202 2957 1242 3022 ab
1265 2958 1416 3023 Lucretio

194 3075 307 3140 deinde
340 3075 456 3144 hausta
490 3097 568 3140 esse.
615 3076 718 3151 Quam
749 3076 931 3161 opinionem
953 3081 989 3140 ut
1012 3074 1270 3158 corroboremus,
1305 3075 1416 3140 affera-

192 3214 262 3257 mus
296 3193 392 3258 liceat
414 3193 569 3279 quaedam
592 3193 724 3279 Epicuri
746 3193 880 3278 placita,
917 3213 998 3278 quae
1021 3193 1116 3278 plane
1139 3214 1211 3257 cum
1234 3193 1416 3258 Aristotelis

191 3311 297 3375 verbis
319 3311 513 3376 conveniunt
536 3332 640 3397 neque
659 3312 693 3374 in
708 3310 851 3375 Lucretii
867 3311 1062 3375 carminibus
1076 3311 1291 3375 inveniuntur.
1315 3310 1414 3375 Arist.

194 3427 231 3492 (10
247 3450 298 3493 an.
312 3431 397 3511 428,
421 3450 460 3511 a,
485 3431 503 3492 6
521 3428 602 3492 dixit
618 3430 766 3505 αἴσθησις
777 3434 833 3511 μὲν
849 3430 911 3514 γὰρ
926 3429 994 3505 ἤτοι
1006 3426 1137 3513 δύναμις
1149 3428 1168 3505 ,ἢ
1181 3433 1315 3514 ἐνέργεια
1331 3428 1416 3514 quod

193 3547 290 3610 etiam
306 3545 345 3610 de
359 3529 433 3611 aliis
449 3546 603 3610 eiusmodi
619 3545 824 3610 facultatibus
839 3546 906 3610 sive
921 3545 1012 3609 factis
1029 3545 1114 3610 dicit.
1130 3546 1302 3610 Plutarcho
1315 3551 1414 3635 teste,

192 3664 273 3748 pluo.
296 3663 356 3727 IV.
371 3665 390 3726 8
403 3663 582 3748 Epicurus:
599 3665 635 3729 τὸ
650 3666 765 3746 μόριόν
781 3667 863 3729 ἐστιν
888 3665 906 3739 ἡ
930 3663 1095 3746 αἴσθησις,
1113 3663 1180 3740 ἥτις
1195 3667 1279 3729 ἐστὶν
1291 3665 1311 3739 ἥ
1323 3660 1415 3729 δύνα-

192 3810 260 3863 μις,
291 3787 339 3846 καὶ
362 3782 398 3846 τὸ
418 3783 592 3864 ἐπαίσθημα
611 3783 686 3846 ὅθεν
701 3784 765 3847 ἐστὶ
780 3782 816 3845 τὸ
833 3783 999 3866 ἐνέργημα·
1025 3782 1099 3855 ὥςτε
1116 3778 1215 3866 διχῶς
1230 3782 1303 3865 παρ’
1318 3782 1414 3846 αὐτοῦ
1506 3856 1508 3859 v

193 3897 357 3985 λέγεσθαι,
395 3899 543 3975 αἴσθησιν
576 3904 633 3981 μὲν
666 3900 724 3973 τὴν
751 3895 902 3981 δύναμιν,
933 3899 1115 3974 αἰσθητικὸν
1139 3895 1170 3963 δὲ
1193 3899 1229 3962 τὸ
1252 3901 1413 3985 ἐνέργημα.

192 4015 231 4079 In
264 4015 375 4079 eadem
409 4016 527 4100 pagina
555 4015 609 4077 lin.
637 4017 675 4078 18
699 4014 909 4079 Aristoteles:
933 4019 1053 4100 γίνεται
1075 4016 1138 4101 γὰρ
1163 4013 1242 4090 δόξα
1265 4021 1313 4082 καὶ
1337 4016 1416 4093 ἇλη-

192 4135 252 4212 θὴς
286 4138 334 4199 καὶ
364 4130 492 4218 ψευδής.
538 4132 697 4217 Epicurus
726 4132 766 4196 D.
791 4132 829 4196 L.
852 4131 895 4195 X.
920 4134 980 4214 34,
1015 4134 1072 4207 τὴν
1096 4129 1127 4198 δὲ
1147 4130 1246 4207 δόξαν
1269 4138 1318 4200 καὶ
1340 4135 1416 4198 ὑπό-

193 4249 290 4335 ληψιν
323 4250 493 4336 λέγουσιν·
529 4248 633 4326 dinus]
667 4253 698 4315 τέ
732 4265 806 4335 φασι
841 4254 889 4315 καὶ
912 4246 1008 4333 ψευδῆ
1031 4250 1211 4336 τυγχάνειν.
1239 4287 1280 4296 -
1304 4249 1413 4331 (Arist.

163 4368 273 4450 428,
296 4366 335 4450 b,
351 4369 392 4450 3,
416 4367 512 4430 etiam
536 4387 606 4430 eam
629 4368 791 4452 ὑπόληψιν
814 4368 940 4448 vocat).
988 4365 1052 4430 Sed
1074 4365 1154 4431 haec
1169 4367 1232 4431 iam
1249 4367 1326 4433 satis
1340 4368 1413 4432 sint.
1511 4365 1512 4368 ’

236 4483 336 4548 Stoici
358 4505 483 4571 quoque
505 4483 662 4569 putabant
685 4483 827 4547 animum
851 4503 868 4546 0
884 4482 1021 4546 materia
1033 4483 1153 4547 factum
1169 4504 1238 4549 esse
1254 4491 1288 4548 01
1303 4484 1414 4548 eodem

195 4622 256 4687 quo
280 4622 393 4687 corpus
415 4601 509 4665 modo
532 4622 683 4666 crescere.
727 4601 767 4665 In
789 4607 880 4664 utero
904 4621 921 4664 0
944 4606 1113 4687 parentum
1136 4602 1274 4684 semine,
1289 4607 1413 4687 partem
