3196 5160
206 1539 240 1603 Si
274 1539 344 1625 quis
373 1539 448 1603 huic
484 1540 634 1626 opusculo
657 1540 759 1604 multa
782 1539 892 1604 deesse
915 1541 1086 1606 contendat
1108 1565 1172 1606 non
1194 1565 1246 1608 me
1268 1566 1383 1631 repug-

160 1692 292 1751 nantem
307 1687 459 1772 habebit3
482 1693 609 1773 reputet
632 1693 739 1752 tamen
762 1688 859 1752 velim
879 1689 1028 1754 omnibus
1050 1691 1192 1755 numeris
1206 1692 1383 1759 absolutam

137 1833 460 1936 ,commentationem
482 1854 545 1896 non
568 1853 637 1896 esse
659 1833 881 1918 postulandam
904 1856 923 1898 a
944 1835 1079 1918 iuvene,
1096 1837 1150 1921 qui
1166 1858 1235 1900 sero
1251 1837 1382 1904 adhaec

162 1981 267 2045 studia
301 1981 445 2064 delatus,
468 1982 587 2045 maiore
609 1980 767 2045 industria
790 1987 822 2045 et
844 1981 1021 2046 intentione
1044 1983 1196 2068 temporis
1224 1984 1382 2051 defectum

160 2149 366 2213 compensare
401 2133 529 2192 coactus
562 2128 666 2192 fuerit.
713 2128 832 2192 Tenuit
864 2150 916 2193 me
939 2135 1185 2214 argumentum,
1210 2132 1294 2217 quod
1316 2138 1383 2197 tam

159 2274 202 2339 ad
237 2274 470 2361 philosophiam
504 2296 599 2360 quam
636 2274 677 2339 ad
713 2281 838 2340 veteres
875 2276 999 2342 litteras
1035 2278 1227 2362 pertineret:
1273 2279 1385 2365 quodsi

158 2425 307 2489 benevoli
344 2429 376 2488 et
414 2424 509 2508 periti
545 2423 667 2487 iudices
698 2424 928 2488 existimabunt
964 2446 1015 2489 me
1053 2426 1178 2510 magnis
1211 2427 1296 2490 ausis
1318 2449 1382 2490 non

157 2573 255 2659 plane
289 2571 466 2653 excidisse,
501 2571 672 2635 admodum
705 2571 859 2656 gaudebo.
905 2573 959 2636 Me
994 2572 1122 2658 quidem
1155 2573 1278 2638 iuvabit
1301 2575 1385 2661 quod

160 2719 187 2782 si
209 2719 314 2782 minus
337 2719 427 2800 aliis,
451 2717 530 2781 mihi
546 2723 631 2781 certe
643 2717 704 2802 ipsi
717 2717 878 2781 elaborata
888 2717 948 2782 hac
965 2717 1185 2783 dissertatione
1200 2720 1383 2805 profuerim.

203 2866 276 2930 Non
299 2887 444 2952 possum,
467 2846 532 2929 1111Ι
551 2865 734 2949 clarissimi,
758 2866 834 2952 quin
856 2866 946 2931 vobis
969 2867 1145 2932 studiorum
1156 2890 1299 2933 meorum
1315 2869 1382 2934 fau·

162 3015 282 3079 toribus
317 3020 349 3078 et
382 3013 557 3078 rectoribus
593 3034 635 3077 ex
657 3014 770 3077 intimo
794 3014 887 3078 corde
910 3015 1029 3099 gratias
1051 3036 1165 3100 agam,
1190 3039 1262 3081 cum
1287 3017 1384 3083 bene·

87 3201 91 3207 -
161 3164 302 3228 volentia
335 3168 440 3227 vestra
464 3168 495 3226 et
518 3161 696 3226 eruditione
719 3167 785 3225 tam
808 3162 956 3247 privatim
979 3163 1223 3250 quam-publice
1246 3184 1303 3250 per
1325 3165 1384 3229 hos

161 3311 301 3396 quinque
335 3331 434 3374 annos
464 3309 526 3372 frui
555 3309 634 3372 mihi
666 3309 803 3373 licuerit.
859 3309 1021 3395 Imprimis
1054 3316 1177 3394 autem,
1213 3311 1385 3376 clarissime

160 3456 329 3520 Francken
362 3457 463 3519 multa
497 3455 555 3520 tibi
587 3456 709 3538 debeo,
744 3455 798 3542 qui
832 3461 986 3541 perpetuo
1021 3461 1053 3520 et
1076 3457 1248 3543 praecipue
1269 3457 1303 3520 in
1325 3457 1386 3522 hoo

161 3622 257 3687 opere
291 3603 514 3688 qualicumque
549 3600 796 3684 conscribendo,
836 3602 974 3686 optimus
1012 3601 1090 3665 mihi
1124 3602 1212 3666 fuisti
1246 3603 1385 3668 Mentor.

160 3749 288 3814 Laudes
310 3755 381 3813 tuas
403 3749 455 3812 1110
479 3748 635 3813 extollere
658 3769 721 3812 non
744 3753 793 3812 est
814 3748 848 3810 in
871 3749 999 3831 animo,
1022 3769 1126 3834 neque
1149 3749 1230 3813 tales
1259 3749 1385 3834 quaeris

161 3898 300 3981 gratias:
330 3897 390 3961 hoc
420 3903 528 3961 tamen
552 3901 626 3982 opto
649 3896 715 3960 fore
738 3876 774 3960 ut
797 3895 1003 3960 Ultraieotini
1025 3896 1126 3958 nostri
1149 3895 1383 3961 commilitones

160 4065 225 4108 non
256 4045 361 4109 minus
395 4044 450 4108 diu
483 4043 661 4108 eruditione
696 4049 728 4108 et
760 4043 960 4107 humanitate
995 4048 1051 4107 tua
1073 4042 1254 4127 gaudeant,
1289 4065 1384 4129 quam

160 4213 234 4274 nos,
258 4214 336 4278 quos
359 4195 425 4256 tam
447 4191 586 4277 peritum
611 4190 827 4255 desiderantes
850 4189 963 4254 ducem
986 4188 1148 4274 relinquis.

204 4338 247 4403 Et
280 4339 339 4403 tibi
372 4339 491 4424 gratias
532 4339 681 4404 lubenter
710 4359 786 4423 ago,
818 4336 991 4402 clarissime
1023 4337 1179 4420 Moltaer,
1214 4357 1288 4400 oum
1321 4337 1385 4401 iam

160 4491 235 4550 ante
268 4508 363 4572 quam
396 4486 430 4549 in
453 4485 633 4550 academiae
657 4485 773 4549 civium
796 4505 965 4548 numerum
988 4487 1137 4568 receptus
1158 4481 1225 4565 fui,
1248 4480 1385 4545 benevo-

159 4631 292 4694 lentiam
321 4637 409 4695 tuam
442 4637 595 4716 expertus
629 4631 705 4711 sim,
741 4650 836 4715 quam
868 4626 982 4692 deinde
1005 4627 1123 4691 frustra
1147 4646 1310 4712 nunquam
1334 4625 1382 4688 in-
