3196 5160
338 751 608 844 CAPUT
662 750 1054 860 QUleTUM.

437 1261 514 1322 DE
576 1261 958 1324 ΜΕΤΕΟΒΙΒ.

567 1448 672 1530 (Lucr.
696 1447 751 1511 lib.
774 1447 830 1532 V.)

127 1654 203 1740 Ipse
224 1661 320 1741 poeta
341 1654 438 1719 huius
459 1655 532 1720 libri
555 1662 782 1741 argumentum
806 1656 948 1720 indicat:
975 1676 1079 1738 ,nunc
1101 1654 1164 1719 huc
1179 1654 1314 1718 rationis

85 1772 200 1837 detulit
230 1773 327 1856 ordo,
361 1779 397 1836 ut
430 1773 509 1837 mihi
543 1775 669 1838 mortali
704 1775 877 1838 consistere
902 1795 1032 1859 corpore
1053 1772 1208 1837 mundum
1231 1771 1314 1835 nati·
1434 1760 1441 1765 ’

84 1910 221 1975 vcmque
255 1888 349 1952 simul
371 1889 452 1953 ratio
475 1889 639 1954 reddunda
663 1891 703 1954 sit
726 1912 795 1955 esse
819 1893 878 1973 (νε.
903 1891 1111 1973 235-415);
1141 1896 1174 1954 et
1197 1889 1316 1976 quibus

83 2007 139 2072 ille
174 2006 275 2070 modis
305 2028 494 2092 congressus
528 2009 674 2072 materiai
705 2008 845 2072 fundarit
869 2015 1008 2090 terram,
1043 2009 1188 2090 caelum,
1223 2028 1315 2071 mare

84 2123 206 2206 sidera,
241 2124 360 2206 solem,
395 2124 547 2210 lunaique
580 2123 711 2208 globum
746 2127 967 2208 (lla-772);
1001 2131 1070 2187 tum
1093 2144 1174 2210 quac
1197 2123 1316 2187 tellure

84 2240 263 2305 animantes
297 2241 486 2324 extiterint,
521 2248 554 2305 et
582 2262 664 2327 quae
698 2243 786 2306 nullo
822 2243 884 2306 sint
907 2248 1051 2328 tempore
1075 2247 1169 2305 natae
1192 2243 1315 2319 (772—

87 2361 206 2442 1001);
242 2379 345 2444 quove
378 2358 473 2423 modo
507 2380 608 2444 genus
642 2359 819 2425 humanum
841 2361 986 2424 variante
1008 2360 1149 2446 loquella
1171 2359 1318 2444 coeperit
1354 2375 1360 2386 ’

85 2476 170 2539 inter
204 2495 237 2539 se
271 2475 359 2539 vesci
391 2496 449 2560 per
482 2477 612 2540 nomina
634 2498 741 2540 rerum
766 2478 1030 2560 (1001-1090);
1066 2483 1098 2540 et
1121 2476 1235 2563 quibus
1259 2475 1316 2539 ille

85 2592 188 2656 modis
230 2591 336 2656 divom
369 2598 475 2656 metus
508 2593 677 2657 insinuarit
710 2599 861 2679 pectora,
896 2599 1053 2657 terrarum
1087 2592 1142 2679 qui
1175 2593 1210 2656 in
1244 2593 1318 2656 orbi

86 2715 196 2774 sancta
230 2715 338 2774 tuetur
367 2711 441 2775 fana
469 2711 558 2775 lacus
580 2711 668 2775 lucos
691 2732 762 2775 aras
785 2712 1016 2797 simulacraque
1040 2711 1146 2776 divom
1170 2713 1317 2794 (1161-

88 2827 195 2903 1241).
240 2826 414 2891 Praeterea
442 2827 518 2891 solis
541 2848 651 2892 cursus
673 2828 834 2914 lunaeque
855 2833 980 2892 meatus
1003 2826 1173 2913 expediam
1196 2848 1262 2912 qua
1284 2828 1318 2891 vi

85 2944 194 3008 flectat
227 2947 344 3008 natura
376 2944 601 3029 gubernans”:
636 2943 719 3008 hanc
752 2950 879 3030 partem
914 2949 1022 3008 tamen
1046 2965 1142 3029 supra
1164 2943 1319 3008 tractavit

85 3066 182 3147 poeta
214 3082 261 3125 νε.
294 3062 356 3126 509
381 3082 448 3147 sqq.
493 3061 537 3126 Et
558 3083 599 3126 ne
623 3063 729 3126 omnia
751 3062 882 3150 quidem
904 3068 1072 3126 enumerat
1095 3081 1176 3147 quae
1199 3067 1320 3125 tracta·

86 3184 178 3242 turus
208 3183 272 3243 est:
297 3172 379 3265 ¹post
411 3201 457 3245 νε.
491 3182 571 3244 1241
605 3181 691 3245 enim
713 3186 838 3265 narrat,
872 3180 1029 3267 quomodo
1051 3179 1197 3243 homines
1219 3179 1320 3243 rudes

86 3294 208 3359 exculti
231 3295 315 3378 sint,
343 3300 376 3359 et
399 3296 522 3379 omnia,
546 3317 627 3383 quae
650 3296 691 3361 ad
713 3297 800 3361 vitae
823 3319 916 3361 usum
939 3303 972 3361 et
994 3316 1099 3359 mores
1123 3295 1320 3359 excolendos

85 3413 178 3478 utilia
201 3419 327 3497 essent,
350 3413 552 3478 invenerint:
576 3415 653 3478 item
676 3415 751 3479 iude
774 3437 854 3479 avs.
873 3417 957 3478 1090
973 3434 1073 3499 usque
1089 3412 1130 3477 ad
1149 3414 1228 3475 1161
1249 3413 1325 3496 agit

87 3531 126 3596 de
159 3531 276 3615 rebus,
304 3552 386 3617 quae
409 3506 572 3596 advitam
595 3533 813 3597 exornandam
835 3533 999 3619 pertinent
1021 3552 1126 3617 neque
1149 3530 1211 3594 huc
1235 3529 1320 3594 refe-

86 3649 205 3714 rendae
239 3655 323 3713 sunt.
369 3649 507 3714 Omnino
542 3656 677 3736 apparet
710 3672 728 3714 e
762 3657 829 3715 toto
864 3651 945 3715 libro
968 3655 1097 3736 poetam
1121 3669 1199 3734 opus
1222 3669 1320 3711 suum

87 3788 152 3831 non
185 3766 382 3850 elaborasse,
416 3767 501 3853 quod
528 3787 570 3831 ex
596 3768 668 3832 aliis
690 3789 815 3855 quoque
839 3774 948 3854 patere
971 3768 1035 3832 iam
1057 3766 1204 3830 vidimus.
1251 3764 1322 3830 Cur

87 3884 246 3971 Epicurus
280 3885 319 3949 de
352 3885 503 3950 meteoris
538 3886 723 3971 scripserit,
757 3887 825 3972 ipse
861 3885 944 3949 dixit
978 3885 1018 3949 D.
1043 3884 1080 3948 L.
1105 3884 1147 3948 X.
1174 3886 1256 3947 142:
1295 3889 1321 3951 εἰ

86 4001 183 4085 μηδὲν
216 4007 298 4088 ἡμᾶς
333 4008 364 4070 ai
397 4009 466 4090 περὶ
501 4007 566 4070 τῶν
601 4005 764 4088 μετεώρων
795 4006 928 4089 ὑποψίαι
958 4003 1153 4089 ἠνώχλουν,
1189 4003 1249 4068 οὐκ
1278 4002 1322 4070 ἂν

88 4118 319 4207 προςεδεόμεὸα
344 4122 567 4210 φυσιολογίας.
614 4123 784 4187 Lucretius
808 4123 943 4186 eandem
966 4122 1005 4186 ob
1029 4142 1156 4186 causam
1179 4141 1212 4184 se
1236 4120 1322 4185 haec

89 4214 252 4324 scripsisse
274 4239 412 4304 fatetur:
440 4262 499 4323 „ne
523 4240 604 4304 forte
627 4240 707 4304 haec
731 4240 816 4303 inter
838 4240 962 4304 caelum
985 4245 1166 4325 terramque
1189 4259 1322 4302 reamur

89 4356 190 4421 libera
224 4362 336 4441 sponte
371 4379 428 4422 sua
461 4380 571 4422 cursus
601 4359 737 4424 lustrare
760 4358 929 4443 perennis,
964 4358 1123 4441 morigera
1145 4356 1185 4419 ad
1208 4356 1321 4441 fruges

90 4474 253 4560 augendas
285 4481 380 4560 atquc
411 4476 603 4558 animantis,
639 4498 721 4539 neve
745 4476 852 4562 aliqua
876 4477 980 4538 divom
1007 4477 1089 4538 volvi
1112 4476 1236 4538 ratione
1260 4497 1321 4559 pu·
