3196 5160
752 300 773 363 3

157 509 300 588 tassent,
323 503 518 569 Graecorum
540 503 668 568 litterae
690 508 723 566 et
745 500 948 587 philosophia
961 501 1145 587 irruperunt
1161 501 1379 589 nobiliumque

156 623 256 687 vitam
289 642 402 686 ornare
433 626 616 707 cooperunt.
662 618 727 684 Sed
749 620 893 684 Platonis
917 625 949 683 et
971 618 1156 684 Aristotelis
1177 615 1381 706 philosophia

157 742 263 804 minus
295 745 371 827 apta
404 745 472 803 erat
494 759 624 803 romano
648 738 780 823 ingenio
802 742 932 823 propter
955 736 1175 802 difficultatem
1198 744 1231 802 ot
1253 761 1273 804 a
1294 739 1381 804 vitae

158 881 220 924 usu
240 860 379 924 alienam
401 857 568 923 rationem.

203 979 279 1063 ipsa
311 976 507 1042 Graecorum
528 996 620 1039 mens
642 973 811 1058 grandium
835 973 1064 1058 cogitationum
1086 995 1151 1038 non
1174 975 1311 1060 amplius
1334 997 1385 1040 ca-

160 1117 246 1181 pon,
269 1095 333 1159 iam
357 1093 412 1158 diu
434 1093 475 1158 ad
498 1113 665 1178 corporum
689 1093 788 1155 solam
811 1092 1112 1176 contemplationem
1135 1112 1168 1155 se
1192 1092 1384 1157 contulerat:

161 1213 267 1277 minus
301 1210 398 1276 ctiam
423 1232 590 1276 romanum
613 1209 778 1293 ingenium
801 1210 834 1272 in
857 1209 1001 1274 Platonis
1024 1209 1178 1274 abstrusis
1201 1211 1386 1275 notionibus

163 1336 196 1394 et
228 1329 413 1394 Aristotelis
446 1326 779 1412 argumentationibus
812 1326 934 1390 versari
968 1331 1001 1389 et
1023 1327 1132 1390 vivere
1155 1332 1301 1412 poterat,
1326 1327 1388 1391 etsi

163 1448 307 1512 nonnulli
340 1446 402 1511 viri
436 1444 553 1510 eruditi
580 1466 634 1509 eos
657 1443 863 1530 philosophos
886 1443 926 1506 ob
950 1443 1137 1508 eruditionis
1159 1445 1298 1530 speciem
1320 1446 1388 1510 lau·

164 1565 282 1629 dabant
304 1570 337 1628 et
360 1563 512 1649 quosdam
535 1563 695 1627 faciliores
718 1583 827 1626 eorum
850 1561 948 1625 libros
971 1560 1132 1645 legebant.
1178 1562 1310 1648 Epicuri
1333 1585 1388 1628 au·

164 1689 231 1747 tem
260 1682 404 1747 doctrina
425 1682 527 1765 magis
550 1701 623 1744 oum
646 1680 864 1745 Romanorum
886 1678 1021 1743 huiusce
1044 1682 1196 1766 temporis
1218 1687 1334 1746 natura
1356 1687 1390 1746 et

166 1791 331 1863 desideriis
376 1797 598 1862 conveniebat.
662 1796 761 1861 Ouius
797 1795 845 1858 rei
882 1795 1014 1879 Cicero,
1059 1816 1186 1882 semper
1222 1796 1390 1883 Epicureis

166 1915 320 1999 infestus,
345 1936 472 1981 causam
495 1913 577 1979 hanc
601 1933 671 1977 esse
693 1919 870 1977 memorat:
909 1918 961 1994 „et
983 1912 1068 1998 quod
1091 1913 1255 1999 quaeritur
1277 1935 1390 2001 saepe,

167 2055 223 2098 cur
246 2040 312 2097 tam
333 2033 428 2096 multi
451 2033 514 2097 sint
536 2031 708 2118 Epicurei,
732 2036 806 2094 sunt
829 2029 1058 2116 aliaequoque
1081 2052 1216 2115 causae,
1240 2032 1296 2096 scd
1311 2033 1391 2097 mul-

166 2151 337 2215 titudinem
358 2149 438 2214 haec
461 2150 601 2213 maxime
626 2149 747 2231 allicit,
770 2147 855 2233 quod
876 2149 921 2211 ita
944 2154 1057 2233 putant
1073 2148 1135 2213 dici
1150 2150 1190 2213 ab
1205 2149 1283 2233 illo,
1305 2157 1394 2216 recta

168 2274 201 2332 ot
233 2267 368 2332 honesta
400 2289 482 2354 quac
516 2268 600 2350 sint,
636 2288 674 2331 ca
704 2267 808 2330 facere
831 2266 900 2351 ipsa
922 2287 980 2351 per
1003 2288 1036 2331 se
1059 2267 1232 2352 laetitiam,
1267 2269 1392 2352 idest,

168 2385 386 2470 voluptatom’'
404 2387 424 2462 ¹)
460 2390 493 2449 et
526 2384 624 2448 alibi:
662 2384 748 2465 „sive
782 2383 867 2470 quod
901 2390 970 2448 erat
1006 2384 1179 2470 (Epicurea
1217 2386 1393 2473 disciplina)

169 2503 299 2588 cognitu
326 2503 506 2588 perfacilis,
541 2503 608 2566 sive
644 2502 728 2588 quod
763 2502 982 2566 invitabantur
1012 2504 1205 2588 (multitudo)
1236 2505 1395 2570 illecebris

169 2621 292 2685 blandis
303 2620 498 2706 ‘voluptatis’
511 2619 548 2703 ²),
565 2641 642 2705 quas
659 2641 784 2703 causas,
797 2620 954 2706 imprimis
969 2620 1157 2704 secundam,
1174 2622 1283 2707 plures
1297 2623 1395 2687 etiam

168 2738 267 2801 nostri
289 2737 441 2822 temporis
463 2736 616 2800 historiae
638 2736 860 2823 philosophiae
884 2736 1069 2821 scriptores,
1086 2758 1159 2802 eum
1175 2738 1296 2820 secuti,
1320 2738 1395 2802 affe-

169 2859 253 2918 runt.
287 2852 352 2918 Sed
367 2860 475 2917 tamen
490 2854 545 2938 qui
561 2853 614 2917 vel
629 2852 761 2938 Epicuri
776 2854 829 2917 vel
844 2853 1005 2936 Lucretii,
1027 2854 1080 2918 vel
1094 2855 1229 2918 aliorum
1243 2854 1396 2940 Epicure-

171 2993 261 3036 orum
284 2972 402 3057 scripta
423 2970 539 3055 legerit
554 2973 600 3053 ³),
624 2971 681 3056 vix
703 2971 743 3034 iis
765 2971 914 3035 assentiri
934 2971 1060 3056 poterit.
1100 2971 1184 3036 Nam
1200 2972 1288 3036 nullo
1302 2973 1396 3037 modo

171 3089 305 3154 aliorum
339 3086 483 3152 doctrina
516 3087 595 3152 haec
622 3087 836 3169 „Graecorum
860 3088 994 3152 obscura
1015 3089 1163 3173 reperta’'
1179 3092 1202 3172 ⁴)
1226 3095 1300 3153 sunt
1322 3090 1398 3154 faci-

172 3206 260 3271 liora.
306 3206 485 3290 Praecipua
516 3226 628 3287 causa,
663 3225 719 3268 our
748 3204 860 3269 Oicero
883 3205 928 3270 ita
951 3205 1129 3288 censuerit,
1164 3207 1296 3271 fortasse
1318 3206 1398 3272 haec

172 3325 251 3408 fuit,
275 3325 359 3411 quod
381 3324 541 3410 Epicurus
563 3323 727 3388 rhetorum
750 3329 835 3387 artes
858 3324 1083 3388 contemnebat
1105 3346 1210 3411 neque
1232 3327 1316 3411 parti
1336 3326 1398 3389 for·

173 3443 250 3506 mali
283 3463 363 3529 quae
395 3442 510 3506 dicitur
540 3442 673 3526 logices,
697 3441 812 3527 quibus
846 3441 921 3505 solis
949 3442 1073 3505 Tullius
1102 3442 1276 3525 excelluit,
1311 3440 1399 3506 dedit

174 3580 303 3645 operam
319 3561 352 3643 5).
397 3560 526 3624 Revera
549 3558 751 3622 difficultates
774 3580 852 3644 quas
875 3559 1019 3623 Platonis
1034 3564 1067 3622 et
1082 3558 1266 3624 Aristotelis
1281 3561 1399 3646 scripta

175 3676 391 3762 praebebant,
415 3697 525 3741 omnes
547 3676 685 3756 Romani
709 3681 742 3739 et
763 3676 905 3760 ipsorum
921 3676 1119 3741 Graecorum
1134 3698 1197 3740 non
1212 3677 1306 3763 pauci
1321 3677 1399 3741 effu·

176 3801 310 3879 gerunt:
338 3793 395 3858 sed
416 3792 735 3858 animadvertendum
758 3799 806 3856 est
828 3792 1093 3858 Academicorum
1116 3799 1148 3857 et
1170 3794 1400 3880 Peripatetico-

176 3932 248 3975 rum
269 3911 367 3976 libros
390 3911 547 3997 imprimis
571 3910 828 3993 difficultatibus,
860 3931 902 3975 ex
924 3912 1002 3975 artis
1024 3910 1186 3975 vocabulis
1210 3916 1243 3976 et
1265 3911 1400 3996 argutiis

212 4171 231 4236 ι)
264 4170 394 4222 deFinib.
413 4170 484 4232 1.7‚
503 4173 543 4221 25.

211 4266 233 4328 2)
266 4265 493 4325 resoluat.

211 4363 232 4422 3)
266 4361 339 4411 Tusc.
367 4360 405 4411 ΙΙ.
431 4365 462 4422 3,
489 4362 616 4411 coufessus
641 4366 679 4411 est
704 4377 730 4410 se
756 4359 936 4424 Epicureorum
960 4359 1079 4409 Amafinii
1105 4365 1130 4409 ct
1147 4359 1244 4410 Rabirii
1259 4359 1335 4409 libros
1351 4375 1402 4409 non

179 4455 330 4520 inspexisse,
348 4472 410 4520 quos
426 4461 509 4506 tamen
525 4455 659 4521 vituperat.

213 4550 234 4616 4)
267 4551 341 4601 Lucr.
358 4551 381 4602 Ι.
402 4555 456 4602 136.

213 4645 234 4710 ⁶)
268 4646 339 4695 Brut.
357 4649 403 4707 35,
423 4649 475 4696 131.
510 4645 781 4708 Tusc.II.3‚7,8.
815 4647 845 4695 de
862 4645 919 4695 Pin.
938 4645 960 4695 Ι.
980 4646 1135 4706 7,22‚26.
1168 4643 1244 4692 Aoad.
1262 4647 1325 4706 post.
1344 4642 1366 4692 L
1379 4644 1403 4691 2.

1216 4735 1253 4799 1*
