3196 5160
768 296 829 357 144

180 507 284 564 tarum
308 499 545 564 Sententiarum
567 498 720 562 XXXIII
743 505 776 562 et
798 498 967 562 XXXIV:
1003 500 1040 563 τὸ
1063 509 1118 579 τῆς
1142 503 1267 584 φύσεως
1285 497 1408 565 δίκαιόν

179 621 242 683 ἐστι
273 615 445 703 σύμβολον
478 623 533 682 τοῦ
569 592 785 702 άυμφέρονεος
818 620 861 695 εἷς
895 618 932 680 rb
965 621 1007 696 μὴ
1042 613 1201 699 βλάπτειν
1236 616 1409 693 ἀλλήλους

180 732 254 814 μηδὲ
276 731 490 818 βλάπτεσθαι.
528 731 611 797 ’Όσα
634 737 698 796 τῶν
721 730 812 818 ζῴων
833 734 876 812 μὴ
900 730 1037 808 ἠδύνατο
1061 736 1223 810 συνθήκας
1247 737 1410 798 ποιεῖσθαι

181 854 239 928 τὰς
272 855 349 938 ὑπὲρ
373 859 427 917 τοῦ
450 853 491 931 μὴ
514 850 671 937 βλάπτειν
696 850 824 926 ἄλληλα
846 849 921 930 μηδὲ
943 849 1169 936 βλάπτεσθαι,
1204 852 1288 937 πρὸς
1311 856 1411 916 ταῦτα

182 971 278 1035 οὐδέν
307 973 390 1035 ἐστιν
421 968 493 1035 οὐδὲ
520 966 639 1035 δίκαιον
663 966 729 1034 οὐδ’
753 965 880 1046 ἄδικον,
916 968 1067 1046 ὡσαύτως
1090 965 1121 1033 δὲ
1145 972 1282 1034 xai'ruiv
1304 971 1410 1034 ἐθνῶν

148 1096 157 1105 ’
181 1089 241 1152 ὅσα
274 1088 316 1169 μὴ
346 1083 483 1162 ἠδύνατο
514 1085 597 1164 ἢμὴ
620 1082 775 1170 ἐβούλετο
798 1087 856 1161 τὰς
880 1088 1041 1161 συνθήκας
1065 1090 1222 1150 ποιεῖσθαι
1243 1086 1304 1161 τὰς
1329 1087 1407 1170 ὑπὲρ

181 1209 237 1268 τοῦ
259 1204 301 1284 μὴ
324 1200 482 1287 βλάπτειν
504 1199 578 1283 μηδὲ
601 1199 804 1286 βλάπτεσθαι
822 1201 857 1284 ¹).

225 1319 304 1382 Tres
337 1324 412 1381 sunt
444 1317 505 1382 loci
540 1318 573 1380 in
607 1317 666 1382 hac
701 1319 849 1382 carminis
880 1324 992 1403 parte,
1027 1340 1106 1404 quos
1137 1318 1268 1382 uberius
1290 1324 1412 1383 tractat

182 1441 296 1522 poeta:
332 1434 371 1498 de
395 1433 547 1497 sermonis
570 1433 713 1517 origine,
746 1440 814 1498 tum
840 1434 926 1498 unde
949 1435 1034 1519 ignis
1056 1456 1132 1498 usus
1155 1440 1242 1498 ortus
1266 1434 1329 1514 sit,
1356 1435 1412 1498 de·

182 1553 278 1639 nique
310 1552 348 1615 de
381 1551 512 1615 deorum
535 1552 639 1615 cultus
662 1552 794 1635 origine.
839 1552 912 1616 Hac
935 1560 1042 1638 partes
1064 1553 1302 1637 interrumpunt
1326 1552 1413 1615 ordi·

182 1690 274 1752 nem,
309 1688 404 1754 quem
438 1690 533 1753 supra
568 1668 668 1731 secuti
700 1689 809 1731 sumus
832 1674 864 1732 et
887 1691 944 1755 pro
967 1669 1089 1733 ratione
1113 1674 1291 1732 ceterorum
1315 1690 1413 1752 argu·

182 1794 362 1852 mentorum
396 1786 490 1849 nimis
524 1791 598 1849 sunt
628 1786 753 1869 longae.
799 1785 863 1850 Hic
894 1808 1002 1850 rursus
1037 1786 1174 1870 vestigia
1204 1786 1412 1868 Invenimus,

183 1925 265 1991 quae
299 1904 434 1967 doceant
467 1903 608 1967 carmina
640 1924 704 1966 11011
737 1903 879 1988 perfecta
908 1909 941 1966 et
976 1903 1137 1967 elaborata
1167 1924 1235 1967 esse
1258 1926 1278 1968 0
1300 1910 1411 1989 poeta.

183 2021 301 2086 Procul
332 2021 428 2085 dubio
459 2021 569 2105 gravia
598 2020 677 2084 hacc
708 2026 898 2104 argumente
924 2027 1038 2106 poetae
1059 2021 1128 2084 visa
1151 2027 1244 2093 sunt,
1269 2026 1301 2084 et
1326 2022 1412 2087 hanc

184 2139 314 2204 obrem
339 2138 457 2221 digna,
481 2158 562 2224 quae
586 2138 742 2222 copiosius
766 2144 1012 2223 exponerentur.
1052 2137 1144 2212 Quod
1166 2160 1238 2202 curn
1261 2138 1411 2222 fecisset,

183 2262 308 2342 tempus
344 2255 374 2319 ei
405 2255 542 2319 defuisse
565 2254 693 2318 videtur
715 2261 751 2318 ut
773 2255 808 2318 in
829 2275 950 2318 nexum
973 2260 1150 2318 ceterorum
1174 2276 1212 2318 ea
1234 2256 1411 2321 intexeret.

226 2374 375 2437 Fortasse
410 2373 507 2436 etiam
537 2378 633 2457 poeta
665 2372 699 2435 in
733 2372 839 2436 animo
871 2371 983 2435 habuit
1018 2378 1121 2435 totum
1153 2394 1231 2458 opus
1253 2374 1411 2458 reficere,

184 2489 274 2554 ouius
305 2489 435 2553 alterius
466 2488 615 2552 editionis
646 2487 707 2551 hac
730 2494 839 2573 partes
862 2495 927 2552 tres
950 2488 1014 2551 sint
1037 2488 1236 2571 fragmenta,
1261 2489 1347 2574 quod
1372 2511 1411 2554 ec

182 2608 285 2692 magis
335 2608 403 2670 veri
441 2607 543 2670 simile
582 2612 630 2669 est
671 2605 755 2690 quod
796 2605 952 2696 quaedam
984 2606 1058 2670 illae
1096 2607 1279 2688 continent,
1326 2629 1411 2694 quae

183 2725 260 2789 alibi
293 2745 418 2811 quoque
448 2729 674 2787 memorantur.
720 2724 759 2786 In
789 2723 923 2787 Diodori
954 2723 1166 2809 descriptione
1190 2724 1228 2787 de
1252 2727 1411 2789 sermonis

184 2842 306 2927 origine
347 2847 419 2927 post
463 2842 568 2906 locum
614 2862 709 2926 supra
745 2840 907 2904 laudatam
941 2843 1068 2925 agItur,
1115 2849 1286 2928 antequam
1324 2843 1411 2927 ignis

184 2966 217 3023 et
247 2960 384 3024 vestium
422 2981 498 3022 usus
533 2959 720 3044 explicatur.
764 2957 863 3042 Apud
893 2960 1079 3022 Lucretium
1117 2962 1198 3022 1028
1223 2982 1327 3046 seqq.,
1352 2962 1411 3025 ubi

185 3077 223 3140 de
247 3077 375 3161 linguae
399 3076 520 3160 origine
543 3076 669 3160 agitur,
694 3097 750 3138 suo
766 3075 835 3139 loco
851 3097 914 3138 non
930 3077 1063 3160 scriptos
1079 3097 1148 3139 esse
1164 3083 1318 3162 apparet,
1335 3100 1412 3142 cum

184 3214 231 3256 vs.
265 3195 346 3256 1022
382 3191 420 3256 de
454 3213 599 3255 sermone
634 3193 771 3278 quodam
804 3193 868 3256 iam
898 3194 1046 3279 loquatur
1069 3200 1101 3256 et
1123 3196 1311 3279 praesertim
1335 3218 1412 3260 cum

184 3331 230 3374 vs.
270 3311 352 3373 1012
394 3309 457 3372 iam
498 3309 737 3372 matrimonium
778 3318 971 3375 memoretur
1006 3317 1039 3374 et
1070 3334 1115 3375 vs.
1150 3315 1230 3377 1019
1265 3315 1413 3380 0111101110

114 3414 117 3419 ’
185 3427 327 3512 coepisse
349 3426 439 3510 iungi
463 3425 595 3490 dicetur.
641 3426 794 3513 Reliquas
818 3427 894 3490 duas
917 3433 1024 3512 partes
1047 3450 1119 3492 cum
1142 3434 1208 3492 1010
1232 3451 1329 3514 opere
1345 3453 1413 3496 non

184 3550 259 3629 apte
292 3563 362 3606 esse
397 3542 580 3606 coniunctas
611 3549 744 3628 apparet
778 3565 850 3606 cum
881 3566 926 3607 vs.
956 3547 1033 3608 1091
1063 3545 1161 3626 „illud
1183 3547 1216 3609 in
1238 3546 1289 3610 his
1312 3549 1413 3613 rebus

184 3662 300 3725 tacitus
334 3682 374 3724 ne
405 3660 486 3724 forte
520 3659 683 3746 requiras”
715 3659 841 3724 hiatum
872 3663 962 3747 quasi
996 3663 1112 3726 sarcire
1146 3663 1260 3728 debeat
1296 3671 1329 3729 et
1364 3688 1412 3731 vs.

188 3781 267 3842 1161
294 3799 399 3864 seqq.,
423 3777 479 3841 ubi
502 3777 541 3841 de
565 3777 696 3841 deorum
719 3778 822 3841 cultus
839 3778 961 3862 origine
977 3779 1103 3863 agitur,
1128 3802 1199 3844 cum
1214 3783 1413 3866 praeceden-

185 3896 291 3978 tibus,
314 3895 370 3982 qui
392 3915 541 3979 magnam
564 3895 803 3959 conversionem
825 3896 859 3959 iu
881 3897 1055 3982 primorum
1078 3896 1243 3961 hominum
1259 3902 1412 3966 convictu

186 4022 315 4081 narrant
338 4015 476 4097 factam,
500 4016 623 4078 nullum
645 4015 784 4081 habeant
807 4018 934 4080 omnino
957 4018 1130 4082 vinculum.

228 4133 373 4217 Linguae
397 4133 552 4217 originem
574 4139 670 4218 poeta
692 4134 736 4198 sic
751 4140 868 4199 narrat.
914 4135 960 4198 Ut
976 4156 1086 4199 omnes
1102 4141 1222 4200 ceteras
1238 4143 1348 4222 artes,
1367 4141 1411 4204 sic

186 4271 311 4335 quoque
338 4250 460 4331 „varios
481 4250 611 4334 linguae
635 4250 756 4314 sonitus
778 4256 893 4313 natura
915 4251 1041 4334 subegit
1064 4253 1207 4335 mittere,
1238 4258 1270 4316 et
1286 4255 1411 4320 utilitas

187 4365 345 4451 expressit
367 4367 496 4430 nomina
518 4388 646 4449 rorum,
670 4387 734 4430 non
757 4366 820 4430 alia
834 4367 930 4451 louge
946 4369 1068 4432 ratione
1085 4375 1180 4454 atquc
1195 4368 1265 4454 ipsa
1280 4369 1411 4435 videtur

186 4533 357 4543 ---.

220 4626 239 4691 ¹)
274 4625 412 4686 11011,
432 4629 485 4675 rso.
