3196 5160
773 264 813 326 26

225 466 316 531 Haec
350 466 523 552 primordia
552 467 650 551 igitur
681 472 754 530 sunt
780 464 913 529 minima
936 486 1090 551 corpora,
1125 465 1211 552 quod
1233 471 1341 530 tamen
1366 465 1411 529 sic

181 581 435 666 intellegendum
459 588 524 647 est:
548 583 681 646 minima
703 589 776 646 sunt
800 603 941 668 corpora,
966 603 1047 668 quae
1070 603 1128 669 per
1144 603 1178 646 se
1196 589 1323 646 exstare
1339 603 1410 685 pos·

181 698 265 781 sint,
296 697 416 762 habent
439 720 515 763 vero
539 706 668 785 partes,
693 721 770 785 quas
793 699 962 783 cogitando
985 700 1130 764 invenire
1148 721 1330 786 possumus;
1355 699 1412 764 sed

182 813 243 879 hae
279 824 385 901 partes
419 839 581 902 nunquam
616 817 656 880 ab
689 823 755 880 toto
787 817 882 880 avelli
905 823 1037 902 possunt
1059 838 1163 903 neque
1187 839 1244 902 per
1266 839 1300 881 se
1324 839 1412 902 esse,

183 933 281 996 atomi
304 935 401 1018 igitur
423 956 488 998 non
511 955 553 998 ex
575 935 702 997 illarum
726 935 781 1016 (sic
804 941 891 998 recte
914 935 1029 998 Munro
1054 935 1130 1017 611)
1155 940 1314 999 conventu
1338 940 1413 999 sunt

183 1056 289 1133 ortae,
322 1050 379 1116 sed
413 1052 452 1116 ab
486 1052 572 1116 omni
607 1052 797 1116 aeternitate
821 1051 956 1115 eandem
978 1050 1140 1116 habebant
1164 1052 1308 1116 formam.
1356 1052 1413 1116 Se·

183 1168 323 1232 cundum
346 1169 587 1233 similitudinem
611 1169 696 1233 enim
719 1169 854 1233 aliorum
877 1191 1065 1256 corporum,
1091 1192 1171 1256 quae
1189 1171 1414 1234 extremitates

184 1290 216 1348 et
239 1287 404 1351 cacumina
426 1286 567 1369 habent,
591 1287 750 1373 Epicurus
781 1287 912 1373 eiusque
942 1288 1101 1373 interpres
1124 1287 1294 1352 Lucretius
1316 1288 1415 1351 ratio·

183 1403 339 1467 cinantur.
384 1404 557 1469 Praeterea
590 1405 660 1489 ipsa
692 1404 834 1469 doctrina
867 1405 970 1491 poscit
1005 1410 1127 1470 atomos
1161 1403 1281 1469 habere
1303 1404 1415 1490 plures

182 1520 321 1585 formas:
346 1521 502 1586 varietate
526 1522 611 1585 enim
634 1528 812 1586 atomorum
829 1522 1001 1586 formarum
1015 1523 1096 1587 varii
1114 1543 1264 1586 sensuum
1279 1521 1415 1586 affectus

184 1639 386 1723 explicantur
424 1638 494 1720 (IV.
516 1641 590 1702 648
622 1643 713 1725 sqq.).
758 1640 972 1703 Inveniuntur
1007 1639 1198 1726 quadratae,
1234 1637 1414 1720 rotundae,

183 1757 273 1820 uncis
296 1756 459 1841 praeditae
483 1762 515 1820 et
537 1756 646 1820 multis
662 1756 732 1820 aliis
748 1756 850 1820 modis
867 1762 1067 1820 constructae
1088 1755 1108 1839 ¹)
1124 1777 1130 1819 :
1156 1777 1228 1820 cum
1244 1760 1353 1818 autem
1367 1755 1416 1818 ita

185 1874 249 1937 sint
283 1873 457 1956 formatae,
481 1873 550 1937 fieri
573 1895 637 1937 non
664 1880 786 1959 potest,
819 1874 895 1960 quin
918 1874 1100 1938 intellectus
1123 1873 1158 1936 in
1180 1872 1220 1935 iis
1254 1872 1415 1937 discernat

111 2063 113 2066 ¹
187 1997 295 2077 partes
307 1988 342 2074 Ἰ)
388 1990 536 2076 Denique
568 1991 630 2055 nisi
654 1991 753 2055 atomi
776 1992 909 2055 minima
932 1996 1039 2054 essent
1062 2011 1215 2075 corpora,
1252 2010 1333 2075 quac
1355 2009 1415 2074 per

187 2130 221 2173 se
244 2114 372 2173 exstare
394 2115 541 2194 possent,
573 2109 628 2172 sed
652 2109 677 2173 si
700 2115 815 2173 natura
848 2110 912 2173 iam
948 2114 1069 2173 atomos
1103 2108 1187 2193 ipsas
1209 2107 1242 2170 in
1265 2107 1415 2170 minimas

187 2248 297 2290 earum
319 2231 427 2312 partes
458 2226 630 2291 dissolvere
665 2232 868 2309 consuesset,
897 2227 942 2290 nil
971 2247 1013 2289 ex
1033 2226 1097 2289 illis
1119 2225 1262 2311 reparari
1284 2229 1414 2310 posset,

186 2345 336 2431 quoniam
359 2366 441 2430 quae
464 2344 560 2408 nullis
577 2345 600 2427 ³)
636 2349 710 2408 sunt
733 2344 877 2429 partibus
911 2343 1074 2429 praedita,
1109 2365 1173 2407 non
1201 2347 1335 2428 possunt
1357 2363 1414 2425 ea,

186 2484 268 2550 quae
294 2461 461 2547 ,genitalis
483 2462 654 2526 materies”
685 2461 803 2526 habere
827 2468 923 2547 atque
946 2461 1089 2526 efficere:
1125 2461 1231 2526 varios
1255 2481 1417 2543 conexus,

185 2579 347 2665 pondera,
375 2579 504 2665 plagas,
528 2600 715 2660 concursus,
738 2585 844 2642 motus
859 2576 896 2660 4).

228 2697 321 2761 Haec
344 2697 450 2761 omnia
473 2718 515 2761 ex
536 2696 668 2782 Epicuri
691 2696 836 2761 doctrina
860 2716 930 2760 esse
954 2693 1135 2781 depromta,
1158 2700 1271 2780 postea
1292 2694 1419 2780 patebit

184 3010 250 3072 εἶπρ.
269 3008 309 3058 tn
325 3007 425 3069 ἄπειροι
442 3006 512 3068 ὄγκοι
529 3003 557 3053 ἓν
576 3022 627 3053 τινι
652 3000 825 3066 ὑπάρχουσιν
843 3003 857 3056 ἢ
876 3002 1049 3060 derelictionis,
1068 2999 1122 3049 ἔστι
1139 3002 1231 3058 νοῆσιιι
1249 3002 1303 3054 πῶς
1320 2995 1428 3049 π’ἂνέπι

186 3103 378 3167 πεπερασμένον
396 3103 464 3152 τοῦτ’
480 3103 517 3159 εἴη
536 3103 565 3151 τὸ
583 3097 706 3165 μέγεθος·
723 3095 827 3157 πηλίκοι
844 3096 894 3161 γάρ
912 3113 980 3153 τινες
998 3093 1089 3161 (ὄντες)
1107 3093 1186 3154 δῆλον
1203 3095 1237 3151 ὡς
1253 3093 1298 3141 οὐκ
1314 3093 1419 3156 ἄπειροι

188 3198 250 3249 εἰσιν
267 3198 351 3262 ὄγκοι,
370 3201 427 3246 cett.

221 3294 240 3357 ¹)
274 3293 312 3343 ef.
330 3292 374 3341 lib.
393 3292 422 3342 II
439 3296 464 3341 et
481 3291 519 3340 IV
537 3289 638 3353 passim.

220 3389 239 3447 2)
273 3389 305 3437 Ι).
319 3388 348 3437 L.
360 3388 401 3446 X,
414 3388 452 3435 58.
466 3386 539 3435 Lucr.
553 3385 582 3445 I,
601 3386 648 3433 599
666 3399 719 3448 sqq.
736 3382 843 3431 Versum
854 3383 909 3441 699,
923 3384 953 3428 ut
963 3377 1057 3442 opinor,
1076 3377 1171 3428 codices
1183 3393 1271 3427 sanum
1281 3376 1417 3440 praebent:

187 3488 257 3545 „tum
273 3499 345 3546 porro
362 3479 478 3547 quoniam
494 3487 532 3530 est
549 3484 687 3529 extremum
703 3478 818 3542 quodque
830 3491 947 3525 cacumen
964 3473 1071 3537 corporis
1087 3472 1163 3533 illius,
1177 3478 1234 3522 cett.
1248 3472 1342 3534 Corpus
1352 3470 1420 3522 illud

187 3579 240 3629 sine
257 3577 332 3628 dubio
349 3583 387 3627 est
403 3581 519 3636 atomus,
544 3590 607 3640 quae
624 3574 760 3624 secundum
776 3570 916 3635 analogiam
932 3569 1038 3619 aliorum
1055 3570 1183 3632 corporum
1200 3584 1250 3617 non
1266 3582 1342 3616 unam
1359 3582 1419 3616 cum

186 3674 289 3739 reliquis
306 3672 394 3723 atomis
410 3671 486 3722 habet
501 3671 606 3721 formam
625 3669 680 3730 (Π,
706 3671 771 3727 335).
806 3667 944 3725 Munrous,
971 3664 1012 3714 cui
1037 3663 1058 3713 si
1074 3663 1156 3713 locum
1173 3663 1352 3712 emendandum
1368 3679 1418 3725 pu·

187 3775 281 3830 tarem,
299 3768 344 3818 uni
360 3765 474 3817 assentiri
491 3780 603 3828 possem,
630 3763 694 3812 hanc
720 3778 777 3811 cum
792 3760 848 3810 aliis
869 3759 1011 3823 corporibus
1028 3757 1216 3808 similitudinem
1233 3756 1419 3820 exprimendam

189 3881 241 3915 esse
266 3869 349 3913 censet
376 3865 414 3926 (ut
439 3859 563 3924 Epicurus
586 3859 619 3907 D.
638 3858 666 3907 L.
686 3860 730 3906 58:
759 3855 842 3921 ταύτῃ
867 3857 901 3919 τῦ
926 3854 1056 3919 ἀναλογίᾳ
1083 3851 1217 3915 νομιστέον
1235 3853 1276 3900 καὶ
1294 3855 1323 3902 τὸ
1340 3850 1368 3900 ἐν
1387 3853 1420 3918 τῇ

188 3964 273 4028 ἀτόμῳ
299 3961 437 4025 ἐλάχιστον
462 3958 604 4020 κεχρῆσθαι
621 3957 755 4018 μικρότητι
772 3954 820 4017 γὰρ
841 3951 920 4000 ἐκεῖνο
946 3949 1025 4010 δῆλον
1043 3951 1076 4006 ὡς
1094 3947 1202 4014 διαφέρει
1220 3951 1266 3998 ποῦ
1284 3949 1351 3998 κατὰ
1368 3950 1419 4008 τὴν

189 4058 311 4117 αἴσθησιν
328 4059 514 4120 θεωρουμένου,
536 4055 665 4117 ἀνολογίᾳ
682 4051 707 4101 δὲ
726 4052 758 4115 τῇ
775 4049 844 4114 αὐτῇ
860 4049 1001 4112 κέχρηται).
1029 4045 1085 4105 Sed,
1103 4061 1159 4095 cum
1176 4043 1217 4094 hic
1234 4041 1350 4093 Lucretio
1360 4058 1419 4106 pro·

189 4152 307 4217 prienen
323 4151 356 4201 sit
372 4152 441 4202 locus
458 4152 488 4201 de
506 4155 644 4200 atomorum
660 4148 740 4197 forma
755 4143 885 4204 tractandi,
904 4143 970 4207 quod
986 4147 1071 4206 postea
1088 4156 1132 4190 suo
1148 4140 1205 4190 loco
1221 4139 1248 4188 in
1264 4138 1308 4188 lib.
1327 4138 1356 4188 II
1374 4139 1421 4188 ubi

189 4249 220 4298 de
237 4246 349 4297 sensibus
366 4246 434 4309 agit,
457 4244 558 4295 uberius
575 4242 651 4302 facit,
677 4240 739 4289 mihi
756 4243 867 4299 constat,
892 4254 949 4286 eum
965 4237 1007 4286 hie
1023 4241 1117 4286 atomos
1134 4235 1219 4300 quales
1237 4233 1360 4298 Epicurus
1377 4249 1419 4283 eas

190 4341 345 4407 depinxerit,
363 4342 394 4391 ob
412 4340 496 4391 oculos
513 4338 645 4399 habuisse,
663 4336 751 4386 deinde
769 4340 798 4384 ut
815 4333 928 4398 saepius,
946 4335 976 4382 de
993 4332 1024 4382 iis
1040 4337 1168 4396 tamquam
1185 4332 1214 4380 de
1231 4345 1257 4379 re
1274 4335 1332 4379 nota
1349 4328 1419 4379 locu·

189 4444 244 4488 tum
260 4452 322 4487 esse.
356 4434 519 4494 ef.1‚749.

222 4533 243 4594 ³)
278 4531 318 4581 Ita
333 4534 400 4580 recte
419 4528 514 4579 codices
530 4532 555 4577 et
572 4527 711 4586 Munrous,
729 4522 831 4574 Lachm.
848 4527 874 4572 et
890 4521 964 4571 Bern.
982 4523 1072 4570 mattas.

223 4627 244 4694 4)
281 4626 382 4677 Lachm.
400 4631 426 4674 et
442 4625 516 4675 Bern.
533 4622 596 4671 mihi
606 4621 724 4671 videntur
740 4634 833 4669 errasse
851 4617 879 4667 in
896 4617 1053 4666 emendandis
1069 4615 1138 4665 codd.
1152 4614 1273 4664 Munrous
1285 4612 1352 4663 solus
1363 4628 1419 4676 per·
