3196 5160
769 291 810 354 56

180 515 245 558 111
273 515 367 580 posse
397 499 519 558 atomos
542 513 635 557 sensu
658 492 818 578 praeditas
842 513 932 558 esse:
964 491 1114 578 quoniam
1136 489 1244 554 nullae
1266 509 1409 575 unquam

182 618 256 676 sunt
267 617 376 698 partes
391 617 583 693 atomorum,
596 632 730 696 quarum
746 610 821 675 ordo
836 615 977 673 mutatus
993 608 1117 672 efficere
1134 607 1235 693 possit
1249 612 1285 670 nt
1300 605 1409 670 dolore

181 736 238 794 aut
259 730 424 815 voluptate
457 729 527 815 quis
556 728 712 792 afficiatur
740 726 769 805 ¹).
814 728 962 814 Denique
985 733 1134 813 repetens
1157 747 1252 812 quam
1274 746 1320 789 vs.
1346 726 1410 788 914

182 847 246 911 iam
276 846 434 932 expressit
464 845 707 930 cogitationem,
742 844 940 910 adversarios
969 843 1085 908 illudit.
1131 843 1165 908 si
1193 842 1291 906 atomi
1314 861 1411 905 sensu

183 970 256 1028 sunt
294 963 475 1050 praeditae,
511 963 589 1049 quid
622 969 691 1027 tum
723 963 889 1026 hominum
924 961 1105 1047 primordiis
1140 966 1189 1024 est
1216 959 1410 1046 proprium?

182 1081 362 1146 Primordia
379 1087 431 1162 ,et
446 1081 512 1144 risu
528 1080 664 1144 tremulo
681 1101 833 1145 concussa
848 1079 1039 1146 cachinnant
1054 1085 1088 1144 et
1101 1079 1240 1143 lacrimis
1255 1083 1412 1163 spargrmt

182 1197 365 1262 rorantibus
380 1219 435 1261 ora
450 1218 629 1283 genasque,
654 1196 818 1283 multaque
832 1196 871 1261 de
883 1217 990 1261 rerum
1003 1197 1145 1260 mixtura
1158 1196 1262 1260 dicere
1275 1194 1410 1276 callent,

184 1321 216 1380 et
241 1314 302 1378 sibi
327 1336 481 1401 proporro
505 1336 586 1400 quae
610 1314 674 1378 sint
696 1315 869 1400 primordia
891 1313 1114 1401 quaerunt”²).
1161 1313 1304 1379 Tandem
1327 1312 1411 1378 hanc
1448 1347 1451 1357 ·

183 1438 308 1519 partem
342 1432 503 1496 doctrinae
528 1453 590 1518 quo
614 1452 709 1517 saepe
731 1433 832 1496 utitur
854 1433 948 1497 modo
972 1433 1141 1496 concludit.
1188 1431 1320 1496 Poetioa
1342 1435 1411 1494 arte

184 1554 408 1633 argumentum
434 1548 468 1613 in
482 1570 528 1612 vs.
545 1551 607 1614 875
624 1569 708 1635 seqq.
725 1549 885 1635 prolatum
900 1550 1030 1614 uberius
1047 1549 1199 1636 exponit,
1222 1546 1412 1634 Euripidem

184 1685 339 1751 sequens:
367 1664 516 1745 ,caelesti
540 1686 648 1728 sumus
663 1685 773 1728 omnes
788 1665 909 1728 semine
925 1665 1071 1729 oriundi:
1095 1665 1242 1730 omnibus
1255 1664 1310 1727 ille
1325 1663 1412 1727 idem

184 1787 276 1867 pater
310 1785 358 1844 est
389 1780 539 1864 (coelum)
574 1780 749 1867 eademque
771 1787 883 1844 mater.
928 1780 1039 1844 Atomi
1062 1801 1080 1845 e
1102 1786 1188 1845 terra
1210 1785 1357 1866 sumptae
1380 1785 1413 1843 et

183 1899 218 1962 in
241 1903 358 1963 terram
380 1903 491 1984 postea
520 1898 740 1984 recipiendae,
764 1920 878 1984 corpus
900 1905 1044 1963 nostrum
1068 1899 1285 1981 constituunt,
1321 1903 1358 1962 ut
1380 1898 1414 1962 id

184 2016 274 2079 nulla
295 2036 330 2080 re
354 2014 481 2078 erebus
495 2014 645 2079 inanimis
661 2015 857 2078 discernatur
877 2037 972 2101 quam
988 2021 1165 2080 atomorum
1182 2015 1292 2079 ordine
1306 2063 1313 2098 ,
1329 2015 1413 2101 posi·

185 2139 278 2217 tura,
308 2129 496 2217 1111113)-
530 2133 603 2198 Hoc
634 2133 668 2196 in
697 2133 779 2197 libro
809 2133 909 2218 igitur
931 2133 1111 2219 Epicurum
1135 2140 1283 2217 secutus,
1318 2139 1414 2220 poeta

187 2251 326 2316 ostendit
349 2272 410 2337 quo
433 2250 527 2315 modo
544 2251 650 2315 omnia
666 2272 708 2314 ex
723 2251 836 2315 atomis
848 2251 911 2314 sint
925 2251 1019 2316 facta.
1042 2250 1095 2314 Ad
1111 2251 1265 2315 mundum
1282 2251 1413 2338 eiusque

185 2367 408 2454 phaenomena
442 2367 633 2454 explicanda
660 2368 749 2432 uulla
783 2390 817 2433 re
852 2389 932 2453 opus
954 2376 1002 2433 est
1024 2369 1086 2432 nisi
1104 2368 1218 2432 atomis
1241 2389 1414 2455 earumque

186 2486 343 2568 motibus,
371 2485 480 2568 ,nulla
504 2485 635 2549 deorum
658 2485 803 2570 potentia
817 2506 921 2572 neque
937 2486 1158 2571 providentia,
1188 2507 1292 2572 neque
1308 2487 1414 2550 animo

186 2602 422 2667 immateriali.”
469 2601 588 2666 Omnes
620 2623 672 2666 res
706 2603 943 2692 complexiones
978 2609 1052 2666 sunt
1082 2609 1277 2685 atomorum,
1305 2624 1416 2666 omnes

188 2726 276 2786 actus
306 2725 380 2784 sunt
409 2725 534 2803 motus,
569 2741 679 2785 omnes
713 2726 818 2785 motus
849 2726 957 2784 autem
988 2741 1030 2784 ex
1064 2726 1242 2784 atomorum
1275 2719 1416 2785 motibus

187 2842 320 2925 possunt
351 2837 515 2922 explicari.
560 2836 679 2900 Multas
709 2836 838 2924 quidem
868 2857 919 2900 ree
941 2837 1062 2900 moveri
1085 2836 1230 2901 videmus
1252 2843 1415 2923 tamquam

189 2975 247 3018 sua
270 2959 405 3039 sponte,
429 2959 592 3039 tamquam
615 2975 671 3018 suo
694 2960 796 3018 marte
819 2974 964 3040 quaeque
987 2959 1082 3038 agat:
1108 2960 1250 3019 attamen
1266 2953 1416 3019 fallimur.

188 3071 287 3136 Nulla
310 3076 359 3135 est
379 3069 429 3134 vis
451 3077 578 3156 praeter
601 3076 779 3135 atomorum
802 3076 928 3155 motus,
951 3092 1033 3157 quae
1049 3093 1216 3156 corporum
1232 3071 1273 3135 sit
1288 3071 1418 3157 propria

190 3207 291 3273 eaque
314 3191 454 3250 moveat.

224 3388 243 3454 ¹)
279 3385 376 3437 Codicis
400 3385 531 3436 lectionem
555 3391 640 3436 contra
664 3386 741 3436 Lech.
758 3391 873 3436 tuemur:
893 3391 1037 3436 nontamen
1049 3385 1199 3436 assentimur
1210 3385 1293 3434 Munr.
1309 3384 1418 3436 dicenti:

190 3479 269 3530 Iraclr.
293 3479 338 3529 has
363 3495 378 3528 1
402 3484 467 3529 most
491 3479 594 3529 obscure
618 3486 692 3529 note:
717 3479 760 3529 the
776 3479 837 3545 only
859 3479 932 3543 thing
948 3478 969 3528 it
986 3479 1078 3544 clearly
1095 3479 1175 3528 shows
1191 3478 1213 3527 is
1230 3478 1285 3527 that
1300 3478 1333 3528 ho
1349 3479 1435 3543 quite,

190 3576 248 3627 11111
264 3580 290 3627 to
307 3575 448 3639 apprehend
463 3574 506 3624 the
522 3575 600 3637 poet’s
611 3573 743 3638 meaning,
762 3575 835 3626 when
851 3574 883 3624 he
893 3576 964 3625 reads
976 3574 1046 3624 here:
1061 3581 1195 3636 propterea.
1229 3573 1331 3623 Lachm.
1343 3574 1420 3623 verba

191 3687 241 3722 non
266 3675 326 3720 sunt
348 3670 467 3720 obscura:
496 3669 524 3718 in
547 3685 575 3718 eo
592 3673 690 3718 tantum
707 3669 784 3719 falsus
801 3685 854 3719 1111
870 3668 941 3719 nobis
958 3669 1056 3718 videtur
1073 3670 1139 3733 quod
1154 3668 1420 3718 11944-962111111

191 3766 259 3817 uliud
275 3781 327 3816 esse
344 3764 459 3828 opinatur
476 3780 550 3830 quarn
567 3765 616 3814 duo
626 3744 707 3827 priora
718 3764 827 3814 membra
838 3763 1032 3814 ratiocinationis
1044 3781 1050 3826 ;
1068 3769 1140 3828 poeta
1151 3764 1204 3813 sine
1215 3762 1290 3813 dubio
1301 3763 1420 3813 maiorem

193 3860 245 3910 vim
261 3860 292 3910 iis
309 3859 412 3910 attribui
428 3859 537 3910 volebat.

225 3955 246 4021 ²)
280 3955 323 4006 Vs.
342 3956 389 4008 976
407 3971 473 4020 seqq.

200 4078 202 4082 >
226 4049 244 4109 ³]
277 4049 321 4100 Vs.
347 4053 408 4099 1013
432 4054 457 4100 et
482 4066 548 4115 seqq.
574 4048 660 4113 procul
684 4048 759 4099 dubio
784 4050 908 4112 pertinent
932 4050 963 4098 ad
985 4049 1049 4098 hanc
1073 4048 1188 4098 carminis
1204 4053 1314 4112 partem,
1339 4064 1421 4114 neque

194 4149 278 4195 tamen
302 4160 347 4194 suo
370 4144 424 4195 loco
448 4161 528 4210 neque
549 4151 606 4209 apte
622 4161 637 4193 a
653 4149 726 4208 poeta
742 4150 801 4193 sunt
818 4144 942 4207 adscripti.
978 4145 1134 4194 Democritus
1151 4144 1201 4194 iam
1218 4143 1330 4206 exemplo
1346 4161 1421 4194 usum

195 4256 247 4290 esse
264 4240 402 4290 litterarum
419 4240 487 4290 vario
498 4240 583 4290 ordine
594 4247 620 4290 et
630 4241 697 4300 loeo,
711 4240 802 4305 quibus
812 4239 866 4288 sint
875 4239 969 4302 positae
979 4277 985 4300 ,
997 4241 1069 4290 modo
1081 4239 1230 4290 comoediam
1241 4240 1313 4288 modo
1323 4244 1421 4303 tragoe-

195 4335 261 4385 diam
278 4335 489 4398 componentium,
508 4341 536 4385 ut
556 4336 691 4399 explicaret
708 4337 832 4400 quomodo
849 4351 880 4384 ex
896 4340 1047 4396 atomorum,
1065 4336 1161 4394 forma,
1187 4334 1271 4384 ordine
1287 4370 1294 4393 ,
1311 4333 1422 4397 positura

196 4431 269 4496 (quoe
285 4429 322 4480 its
338 4429 467 4480 distinxit:
487 4430 595 4496 διαφέρει
612 4436 641 4485 τὸ
658 4432 704 4492 μέν
722 4439 740 4480 Α
761 4435 806 4482 τοῦ
824 4436 847 4480 Ν
865 4430 998 4496 σχήματι,
1017 4437 1046 4484 τὸ
1064 4431 1088 4482 δὲ
1102 4438 1147 4482 ΑΝ
1160 4434 1204 4482 τοῦ
1222 4437 1269 4483 ΝΑ
1288 4433 1374 4492 τάξει,
1392 4435 1421 4484 τὸ

197 4525 222 4576 δε
234 4532 252 4576 Ζ
264 4529 309 4577 τοῦ
322 4531 344 4575 N
357 4525 433 4591 θέσει)
452 4524 535 4576 omnia
552 4526 618 4574 11111
634 4525 700 4586 sint,
718 4541 792 4590 supra
808 4525 858 4575 iam
874 4525 1033 4577 ostendimus.

688 4691 882 4702 ι--ι--ψ--η
