3196 5160
769 302 809 363 86

180 513 348 590 κατασχεῖν
381 505 417 569 τὸ
454 513 612 590 στοιχεῖον
637 552 644 566 .
672 552 679 566 .
705 551 712 566 .
738 551 746 566 .
770 508 818 568 καὶ
854 506 901 568 ὅτι
932 508 980 568 καὶ
1015 503 1053 568 tri
1076 506 1159 590 τάχη
1182 501 1412 589 ἀνυπέρβλητα

180 623 260 709 ἕχει,
282 624 384 699 πάντη
406 624 510 707 πόρον
534 623 710 704 σύμμετρον
733 620 849 705 ἔχοντα
873 617 922 686 διὰ
945 623 981 686 τὸ
1005 624 1037 686 ἐν
1053 621 1169 707 ἀπείρῳ
1185 621 1295 695 αὐτοῖς
1311 624 1411 699 μηδὲν

181 741 376 805 ἀντικόπτειν
411 738 430 813 ἢ
462 737 549 822 ὀλίγ’
571 739 766 802 ἀντικόπτειν
790 736 918 819 (ἄλλοις
942 735 973 802 δε
996 743 1044 802 καὶ
1069 737 1210 823 ἀπείροις
1235 738 1330 812 εὐθὺς
1357 737 1412 801 ἆν-

181 858 314 922 τικόπτει
346 856 385 938 τι)
420 854 608 939 quibuscum
644 853 779 916 conferri
809 859 915 938 potest
938 854 1022 939 quod
1045 854 1215 918 Lucretius
1240 855 1326 918 canit
1350 853 1410 916 IV.

183 976 262 1037 190:
300 979 533 1059 „quapropter
556 973 723 1036 simulacra
746 973 815 1057 pari
838 974 960 1036 ratione
984 994 1114 1038 necesse
1138 979 1185 1037 est
1209 974 1412 1036 immemora-

179 1090 245 1154 bile
278 1110 335 1175 per
357 1091 495 1174 spatium
517 1095 732 1153 transcurrere
754 1110 847 1174 posse
870 1091 1022 1175 temporis
1044 1090 1078 1152 in
1105 1096 1245 1175 puncto,
1270 1090 1412 1175 primum

181 1207 266 1292 quod
309 1207 440 1292 parvola
480 1228 575 1271 causa
596 1209 613 1289 ¹)
659 1212 707 1270 est
738 1207 849 1291 procul
884 1229 902 1270 a
933 1213 1024 1290 tergo
1060 1228 1141 1292 quae
1176 1206 1334 1292 provehat
1364 1213 1411 1270 et·

182 1344 243 1409 que
273 1323 447 1409 propellat,
482 1322 596 1387 deinde
626 1324 710 1408 quod
743 1345 844 1409 usque
878 1323 957 1388 adeo
992 1331 1123 1388 texture
1159 1324 1304 1410 praedita
1339 1346 1413 1388 rara

181 1441 372 1523 mittuntur,
406 1440 499 1505 facile
530 1448 565 1503 ut
601 1441 727 1526 quasvis
761 1447 930 1526 penetrare
954 1448 1072 1528 queant
1095 1463 1147 1506 res
1170 1448 1202 1506 et
1225 1443 1315 1528 quasi
1340 1462 1412 1528 per·

182 1576 311 1619 manare
345 1576 403 1641 per
435 1555 518 1619 aeris
550 1555 787 1619 intervallum’'.
843 1556 991 1642 Denique
1025 1578 1088 1621 non
1122 1578 1290 1642 possumus
1324 1556 1412 1621 hunc

181 1672 287 1735 locum
310 1671 422 1754 finire,
447 1677 616 1756 antequam
639 1672 957 1736 animadverterimus
978 1674 1166 1737 Lucretium
1191 1673 1276 1736 inter
1304 1679 1413 1736 cetera

183 1794 372 1872 argumenta
405 1810 505 1852 unum
539 1789 669 1872 afferre,
703 1789 736 1852 in
759 1811 821 1874 quo
848 1791 1009 1875 propriam
1033 1791 1101 1854 eius
1125 1791 1335 1874 sagacitatem
1359 1790 1413 1854 de·

183 1905 370 1969 sideramus.
417 1906 523 1969 Versu
558 1908 641 1969 209:
679 1904 769 1987 „Hoc
804 1906 918 1990 etiam,
953 1907 1057 1993 inquit
1092 1914 1207 1993 poeta,
1242 1908 1413 1993 inprimis

182 2021 345 2108 specimen
378 2043 491 2087 rerum
521 2043 589 2087 esse
612 2023 739 2086 videtur
761 2045 856 2109 quam
879 2025 976 2088 celeri
998 2031 1086 2088 motu
1110 2045 1217 2088 rerum
1241 2025 1414 2090 simulacra

182 2141 346 2224 ferantur,
369 2140 454 2228 quod
477 2141 571 2205 simul
594 2162 630 2205 ac
653 2141 791 2227 primum
815 2142 872 2205 sub
896 2142 950 2205 diu
974 2141 1123 2227 splendor
1146 2140 1239 2227 aquai
1263 2141 1413 2227 ponitur,

185 2258 347 2344 extemplo
382 2259 469 2323 caelo
501 2259 648 2323 stellante
679 2279 791 2322 serena
819 2258 922 2322 sidera
952 2259 1147 2344 respondent
1168 2260 1202 2322 in
1224 2279 1310 2343 aqua
1332 2261 1414 2324 radi-

181 2377 269 2441 antia
300 2377 428 2441 mundo.
475 2376 587 2440 Ιοιηιιο
619 2378 706 2441 eides
739 2379 839 2463 ipitar
873 2399 970 2462 qaam
998 2385 1118 2462 peracto
1142 2386 1277 2462 tempore
1307 2380 1413 2463 imapo

184 2493 319 2558 aetheris
343 2515 380 2557 ca
406 2495 471 2557 cris
495 2495 528 2558 ιἰι
552 2501 712 2558 terraram
735 2495 857 2558 occidat
880 2516 953 2559 oros
967 2495 1004 2558 ?”
1039 2495 1084 2560 At
1107 2495 1141 2558 in
1163 2495 1223 2560 hac
1245 2497 1318 2581 ipsa
1340 2518 1413 2561 con-

186 2610 327 2675 clusione
356 2611 441 2674 inest
463 2611 587 2674 vitium.
633 2611 766 2697 Semper
790 2611 874 2675 enim
897 2612 965 2676 sine
988 2613 1055 2676 ulla
1076 2611 1311 2698 interruptione
1335 2613 1413 2677 ima·

185 2729 276 2813 gines
310 2729 417 2793 docuit
451 2751 470 2792 a
499 2728 683 2815 corporibus
714 2729 844 2793 dissolvi
874 2735 970 2816 etque
1004 2751 1062 2816 per
1095 2751 1203 2794 aerem
1226 2731 1363 2796 volitare
1376 2730 1411 2816 2).

182 3019 237 3071 οοΠ.
261 3017 391 3082 adscripsit
414 3018 549 3082 τοσούτου)
573 3023 602 3071 τὸ
620 3019 699 3084 τάχος
716 3024 763 3080 τῆς
779 3022 860 3085 φορᾶς
876 3021 911 3085 μὴ
928 3019 1146 3085 ἀντιταττόμενον
1163 3021 1348 3085 καταλίπωμεν
1365 3021 1416 3073 huc

182 3132 232 3166 non
248 3114 376 3164 referenda
392 3118 457 3164 sunt.
493 3112 555 3171 Quis
572 3113 638 3163 enim
655 3117 692 3164 est
709 3114 752 3178 qui
769 3130 853 3164 eorum
864 3113 892 3163 in
903 3114 950 3163 hoc
961 3131 1028 3163 nexu
1041 3113 1247 3178 significationem
1257 3115 1416 3179 perspiciat?

182 3209 222 3258 De
238 3224 288 3258 uno
305 3207 346 3258 vel
362 3206 475 3270 pluribus
491 3205 552 3257 locis
568 3205 596 3255 in
612 3205 737 3269 superiore
752 3208 907 3272 paragrapho
922 3225 973 3258 non
990 3214 1043 3258 erat
1058 3224 1150 3269 sermo,
1168 3225 1248 3273 neque
1264 3210 1295 3259 de
1312 3226 1417 3274 corpore

183 3305 249 3370 quod
273 3306 386 3355 deorsum
411 3304 507 3365 fertur,
534 3318 614 3368 neque
639 3304 669 3352 de
695 3305 810 3368 αἰσθητῷ
828 3308 926 3369 χρόνῳ,
953 3306 1018 3369 quod
1043 3310 1096 3362 τοῖς
1121 3305 1161 3355 διὰ
1178 3309 1255 3372 λόγου
1273 3309 1418 3369 θεωρητοῖς

181 3405 285 3467 χρόνοις
313 3397 404 3463 0pponi
430 3397 532 3464 possit„
556 3398 773 3461 Transponendam
802 3414 854 3447 esse
884 3414 970 3448 censeo
991 3398 1055 3448 hanc
1083 3403 1178 3463 partem
1208 3404 1264 3463 post
1296 3417 1418 3466 paragra·

181 3496 260 3561 phum
279 3498 318 3543 62.

213 3592 232 3651 1)
266 3590 372 3642 Parvola
397 3605 487 3649 causa,
511 3604 540 3639 ea
564 3604 652 3652 nempe
669 3588 720 3649 ris,
739 3605 801 3654 quae
823 3589 956 3639 simulacra
973 3607 988 3640 a
1004 3589 1146 3653 corporibus
1164 3589 1250 3640 evellit
1266 3594 1292 3639 et
1309 3590 1418 3642 emittit.

181 3686 248 3737 Mira
265 3702 324 3736 sane
341 3690 379 3735 est
396 3683 578 3749 argumentatio
596 3684 747 3734 celeritatem
763 3685 900 3749 imaginum
909 3702 1063 3748 ηινιηιιηηαηι
1075 3701 1141 3746 esse,
1159 3701 1216 3734 cum
1223 3688 1326 3746 parvola
1340 3703 1420 3738 eausa

181 3796 222 3830 aas
238 3779 372 3845 propellat,
390 3783 499 3828 attamen
516 3794 573 3827 cum
589 3778 696 3828 Munroo
709 3781 810 3840 parvola
826 3780 858 3827 ad
875 3778 1005 3828 simulacra
1022 3779 1111 3828 referre
1129 3778 1170 3828 vel
1187 3795 1243 3828 cum
1262 3778 1420 3832 susemihlio

183 3874 258 3941 (Phil.
285 3873 387 3923 XXIX.
411 3889 435 3936 p.
461 3877 515 3933 434)
542 3889 628 3923 versus
644 3872 740 3938 aliquot
755 3873 879 3923 interiisse
895 3879 982 3936 putare
999 3873 1092 3923 nolim:
1120 3873 1203 3937 potius
1221 3889 1277 3922 cum
1294 3873 1420 3940 Briegero

183 3969 259 4035 (Phil.
284 3969 329 4029 hl.)
358 3973 419 4032 puto
446 3968 473 4017 in
493 3972 595 4030 parvola
622 3968 713 4020 vitium
741 3968 825 4018 latere.
860 3967 928 4025 Quae
956 3968 989 4017 sit
1010 3969 1071 4018 haec
1088 3984 1162 4018 causa
1178 3969 1237 4018 satis
1253 3969 1419 4032 perspicuum

181 4070 219 4115 est
235 4081 249 4115 e
265 4064 448 4128 comparatione
471 4081 528 4113 cum
544 4064 602 4114 solis
619 4064 690 4124 luce,
720 4080 783 4129 quae
798 4064 911 4128 sequenti
929 4063 1077 4127 propellitur
1095 4064 1185 4127 plaga,
1203 4063 1250 4114 etsi
1272 4067 1418 4118 accuratius

181 4177 236 4212 earn
258 4160 394 4210 describere
417 4165 490 4223 poeta
512 4159 630 4224 neglexit.
665 4161 795 4210 Praeterea
821 4175 964 4209 moneamus
985 4163 1098 4209 emente
1115 4159 1219 4223 Epicuri
1234 4164 1331 4210 motum
1348 4161 1417 4213 inse·

181 4254 321 4318 parabilem
333 4270 386 4304 esse
402 4254 519 4305 materiae
535 4255 725 4319 proprietatem,
742 4256 774 4305 Ι).
793 4256 822 4305 L.
840 4256 874 4304 X.
892 4259 938 4305 43:
963 4259 1093 4306 κιναῦνταί
1111 4274 1137 4305 τε
1151 4261 1263 4320 συνεχῶς
1275 4256 1300 4305 αἱ
1313 4259 1415 4321 ἄτομοι.

184 4351 252 4400 Sext.
271 4351 343 4413 Emp.
363 4354 408 4411 10,
433 4354 518 4400 221..
533 4387 539 4399 .
557 4355 603 4411 τῆς
620 4351 733 4410 ἀτόμου,
753 4354 794 4402 ὅτε
807 4354 864 4402 καθ’
880 4350 974 4410 ἑαυτὴν
986 4353 1070 4411 ἐστιν,
1084 4351 1228 4410 αὶεικινὴτου
1241 4353 1416 4414 καθεστώσης.

181 4446 224 4497 Vs.
246 4449 291 4495 195
308 4461 337 4495 ec
353 4444 422 4507 loco,
440 4445 483 4495 ubi
500 4446 601 4495 Lachm.
620 4462 677 4496 eum
694 4446 814 4507 collocat,
831 4451 887 4509 post
904 4463 940 4496 vs.
954 4450 1019 4508 205,
1038 4451 1093 4510 apte
1106 4447 1214 4510 positum
1226 4463 1278 4498 esse
1289 4448 1416 4500 credimus

182 4543 254 4592 modo
271 4542 389 4602 serantur
410 4545 479 4589 mute
495 4544 537 4589 tur
552 4540 579 4588 in
594 4547 723 4603 peccatur.

215 4636 237 4700 ²)
270 4636 313 4686 Vs.
334 4638 387 4684 155.
422 4635 454 4686 D.
471 4634 500 4684 L.
518 4635 552 4686 X.
570 4639 617 4684 48:
637 4636 653 4695 ἡ
671 4638 767 4701 γένεσις
785 4643 837 4688 τῶν
854 4637 964 4688 εἰδώλων
981 4643 1037 4688 cett.
