3196 5160
786 327 847 390 162

202 551 259 594 suo
292 551 365 594 cum
397 529 587 593 detrimento
621 529 842 594 universorum
865 531 1001 595 salutem
1024 536 1200 615 augerent3
1224 553 1298 600 cum
1322 553 1442 618 respu-

201 647 284 712 blica
306 648 429 713 Romae
452 648 486 711 in
510 647 577 711 dies
599 648 701 730 magis
724 669 898 733 paucorum
921 655 1025 730 esset,
1053 649 1198 734 plerique
1221 650 1330 733 potius
1354 671 1439 736 quo-

200 764 294 829 modo
328 765 502 829 commodis
536 765 621 828 vitae
656 765 839 850 divitiisque
869 767 903 828 in
937 766 1000 829 otio
1033 772 1065 828 et
1087 767 1320 852 tranquillitate
1342 767 1437 852 frui,

201 904 296 968 quam
319 883 437 946 civium
458 882 646 946 felicitatem
669 903 787 964 augore
810 888 960 966 possent,
989 883 1182 965 cogitabant.
1228 883 1312 947 Cum
1333 905 1436 970 paca·

200 1005 252 1064 tus
275 1001 372 1064 animi
396 1005 497 1064 status
520 1000 592 1063 finis
615 1007 699 1063 esset
721 999 899 1082 bonorum,
922 1001 1051 1063 moralis
1067 1000 1230 1083 doctrina,
1254 1022 1435 1086 quaecum

201 1117 338 1182 obtineri
360 1139 452 1203 posse
475 1117 629 1199 docebat,
653 1118 825 1201 praecipua
848 1123 916 1180 erat
939 1139 1012 1202 pars
1034 1117 1264 1202 philosophiae.
1303 1119 1434 1183 Verum

199 1241 235 1299 ut
257 1235 313 1298 illa
335 1234 444 1297 usibus
467 1234 686 1298 Romanorum
710 1233 927 1315 satisfaceret,
952 1233 1119 1297 evellenda
1142 1240 1232 1298 erant
1255 1236 1434 1300 exanimis

199 1373 418 1438 quaecumque
442 1351 613 1443 sollicitare
637 1352 782 1437 quietum
805 1351 903 1414 animi
927 1357 1045 1414 statum
1068 1358 1218 1435 possent:
1255 1353 1362 1417 multo
1387 1353 1434 1417 al-

198 1469 296 1533 tiores
331 1468 416 1553 apud
450 1468 613 1532 Romanos
647 1489 742 1552 quam
766 1466 851 1551 apud
874 1466 1014 1530 Graecos
1037 1467 1160 1531 radices
1184 1473 1295 1551 egerat
1316 1490 1433 1554 super-

199 1585 307 1669 stitio,
342 1606 402 1648 nec
435 1590 557 1648 temere
591 1584 784 1667 spernebant
818 1584 978 1666 Romani,
1013 1585 1039 1646 si
1067 1584 1217 1648 Lucretio
1240 1585 1302 1669 ipsi
1324 1584 1433 1669 fides,

198 1723 417 1789 quaecumque
451 1708 579 1787 patrum
614 1701 803 1765 auctoritate
827 1701 1030 1765 confirmatae
1055 1707 1146 1764 erant
1168 1700 1208 1765 de
1230 1701 1365 1785 inferis,
1391 1703 1433 1768 de

197 1820 376 1885 animorum
409 1826 481 1905 post
514 1825 649 1883 mortem
673 1825 779 1902 stato,
812 1819 850 1882 de
886 1819 945 1882 diis
986 1820 1160 1904 opiniones.
1206 1825 1293 1892 Quae
1315 1826 1433 1885 tamen

198 1938 224 2001 si
259 1943 379 2001 starent
412 1937 557 2020 integrae
593 1943 625 2000 et
659 1937 881 2018 inconcussae,
917 1937 1034 2000 frustra
1069 1942 1138 2000 erat
1160 1937 1259 2001 animi
1282 1937 1433 2023 quietem

196 2054 429 2119 commendare.
459 2055 511 2118 Ita
532 2054 653 2118 factum
676 2061 712 2118 ut
735 2055 904 2118 Lucretius
928 2055 967 2118 de
990 2076 1097 2118 rerum
1121 2060 1236 2119 natura
1258 2076 1433 2141 exponens

195 2173 323 2238 moralis
358 2171 544 2258 disciplinae
578 2171 786 2236 fundamenta
818 2173 923 2236 iacere
953 2173 1094 2258 potuerit
1127 2172 1330 2236 removendis
1366 2173 1431 2256 iis,

196 2311 278 2376 quae
300 2291 397 2374 vulgo
421 2290 542 2354 credita
563 2290 791 2376 prohiberent,
815 2291 984 2376 quominus
999 2290 1175 2375 sapientiae
1192 2289 1346 2354 debeata
1360 2291 1433 2356 vita

195 2408 325 2471 monitis
359 2429 451 2471 aures
483 2408 632 2494 aequales
666 2408 865 2491 praeberent.
912 2407 1004 2482 Quod
1042 2407 1218 2492 Epicurum
1252 2406 1430 2492 perfecisse

196 2523 272 2588 dicit
295 2531 410 2610 poeta,
434 2524 468 2587 id
490 2525 559 2610 ipse
582 2525 708 2610 assequi
731 2525 840 2609 cupit:
868 2523 1034 2605 ,veridicis
1056 2524 1156 2608 igitur
1178 2525 1329 2609 purgavit
1352 2545 1429 2610 pcc-

196 2648 266 2705 tora
299 2642 410 2724 dictis,
447 2648 479 2705 et
512 2643 608 2706 finem
633 2643 744 2706 statuit
768 2641 955 2726 cuppedinis
977 2647 1073 2726 atque
1095 2642 1235 2722 timoris,
1259 2643 1429 2726 exposuit
1512 2704 1516 2713 ,

195 2779 258 2844 que
288 2759 408 2823 bonum
439 2780 619 2841 summum,
654 2781 715 2845 quo
744 2758 903 2822 tendimus
927 2779 1057 2840 omnes,
1092 2758 1290 2843 quidforet,
1327 2765 1426 2846 atque

194 2877 281 2941 viam
314 2878 527 2960 monstravit,
562 2878 690 2941 tramite
724 2899 823 2962 parvo
846 2899 909 2962 qua
931 2897 1097 2961 possemus
1120 2875 1160 2939 ad
1183 2876 1216 2939 id
1239 2880 1328 2940 recto
1352 2897 1424 2940 con·

194 2992 327 3058 tendere
362 3015 476 3076 cursu,
511 2994 628 3080 quidve
655 2995 776 3058 malum
798 2994 880 3057 foret
903 2993 937 3057 in
958 2993 1054 3057 rebus
1076 2993 1256 3057 mortalibu’
1281 2994 1421 3078 passim,

195 3132 258 3198 quo
288 3112 380 3175 fieret
410 3112 548 3176 naturali
582 3112 729 3197 varieque
764 3112 885 3176 volaret
919 3133 976 3175 seu
1004 3133 1079 3175 casu
1102 3132 1158 3175 seu
1180 3111 1234 3193 vi,
1269 3111 1357 3196 quod
1379 3111 1419 3177 sic

194 3235 310 3294 natura
331 3235 476 3314 parasset
492 3236 536 3312 ¹),
567 3235 600 3292 et
623 3230 737 3315 quibus
760 3250 778 3292 e
801 3229 901 3314 portis
925 3229 1046 3292 occurri
1069 3229 1183 3315 cuique
1206 3210 1357 3310 deceret,
1390 3234 1419 3293 et

195 3369 300 3433 genus
337 3348 513 3412 humanum
549 3347 667 3411 frustra
704 3347 891 3432 plerumque
928 3347 1074 3431 probavit
1110 3346 1239 3410 volvere
1274 3367 1417 3412 curarum

194 3464 295 3528 tristis
316 3464 350 3527 in
373 3470 503 3549 pectora
525 3465 639 3526 fluctus
662 3485 736 3525 nam
759 3463 881 3526 veluti
904 3463 996 3548 pueri
1019 3462 1181 3547 trepidant
1202 3468 1301 3548 atque
1316 3463 1416 3528 omnia
1457 3409 1547 3561 ,ἑ

195 3582 298 3648 caecis
328 3582 360 3645 in
384 3581 526 3646 tenebris
548 3586 718 3663 metuunt,
750 3580 794 3643 sic
817 3602 875 3643 nos
897 3581 931 3643 in
954 3580 1025 3643 luce
1048 3580 1198 3644 timemus
1219 3580 1305 3644 inter
1330 3580 1460 3668 dumffi.
1502 3639 1547 3682 4,

194 3701 260 3764 nilo
283 3720 365 3786 quae
389 3705 462 3763 sunt
484 3698 657 3762 metuenda
679 3698 781 3781 magis
812 3718 907 3782 quam
930 3717 1013 3783 quae
1035 3698 1126 3782 pueri
1147 3697 1182 3760 in
1204 3698 1349 3762 tenebris
1370 3712 1549 3786 paz&

194 3817 298 3881 vitant
320 3817 508 3902 finguntque
531 3815 658 3878 futura.
682 3810 767 3878 hunc
790 3814 888 3897 igitur
911 3818 1065 3877 terrorem
1087 3813 1185 3878 animi
1208 3814 1549 3904 tenebrasqub-me

194 3939 354 3999 necessest
387 3955 451 3997 non
474 3932 555 3997 radii
578 3933 653 3996 solis
675 3953 734 3996 nec
756 3932 862 3996 lucida
885 3933 950 3996 tela
973 3932 1036 3997 diei
1060 3931 1252 4015 discutiant,
1288 3934 1348 3998 sed
1370 3949 1548 4004 naza·

193 4056 285 4116 turae
308 4051 431 4137 species
452 4050 620 4136 ratioque''
637 4050 674 4131 ²).

227 4221 247 4284 1)
282 4220 313 4270 Id
329 4225 380 4270 est:
399 4219 460 4285 quid
475 4219 572 4283 proprie
589 4223 671 4270 essent
686 4219 767 4280 mala,
786 4234 849 4284 quae
865 4217 937 4269 nobis
954 4217 1099 4269 mortalibus
1116 4217 1304 4284 contingerent,
1323 4213 1473 4272 docui*
1479 4213 1537 4272 Ji,

194 4330 275 4379 quove
299 4314 407 4364 naturali
432 4330 491 4364 casu
513 4331 557 4364 seu
580 4313 727 4364 necessitato
748 4314 835 4362 fierent
851 4318 877 4363 et
892 4313 920 4362 in
936 4312 1012 4364 variis
1028 4313 1112 4363 fonnis
1129 4329 1173 4377 per
1188 4329 1286 4376 aorem,
1303 4316 1529 4381 quonia-sm

194 4408 271 4460 atomi
287 4414 380 4471 essent,
405 4409 532 4470 volarent,
558 4426 615 4459 cum
636 4425 687 4460 non
712 4408 747 4458 dii
764 4410 806 4458 sed
822 4408 876 4472 ipsa
899 4412 989 4458 natnra
1005 4413 1167 4472 separasset.
1200 4410 1240 4459 Ad
1256 4415 1372 4462 natarali
1393 4411 1523 4454 5-‘u

193 4521 249 4554 caru
270 4520 310 4552 sea
326 4507 351 4552 oi
367 4504 399 4552 cf.
417 4502 485 4554 Stob.
503 4503 556 4552 Ecl.
573 4503 616 4553 lib.
636 4503 665 4564 Ι,
691 4506 754 4552 206:
783 4503 932 4569 Ἐπίκουρος
950 4503 1006 4554 κατ’
1023 4505 1151 4569 ἀνάγκην,
1170 4506 1236 4556 κατὰ
1253 4508 1504 4572 opacam-*³2

193 4601 260 4650 κατὰ
277 4598 361 4663 τύχην
378 4597 442 4647 dixit
458 4596 541 4648 omnia
558 4596 620 4648 fieri.

226 4693 248 4757 ²)
282 4692 337 4754 v1,
357 4696 463 4744 24-41.
