3196 5160
776 279 816 342 ’18

180 484 266 565 πρὸς
289 484 390 560 ἡμᾶς,
415 482 517 557 οὕτως
541 479 612 547 οὐδὲ
636 482 855 561 1111111μᾶ1
878 479 971 546 οὐδὲν
987 481 1071 546 ’ἔσται
1084 482 1167 566 πρὸς
1182 480 1304 564 ἡμᾶςῐ).
1329 479 1418 544 Oum

180 606 288 663 autem
311 599 469 684 Epicurus
491 599 592 661 multa
616 598 675 660 sibi
698 599 905 683 assumpserit
929 604 960 661 et
984 618 1001 661 e
1024 597 1312 682 Peripateticorum
1335 602 1372 660 et
1396 617 1415 660 e

181 716 419 780 Platonicorum
450 716 588 800 scriptis,
612 737 693 800 quoe
717 715 757 779 ad
781 737 871 779 suam
895 715 1071 779 doctrinam
1094 715 1304 800 quadrarent,
1339 714 1417 800 quis

182 838 229 897 est
252 833 306 919 qui
329 839 446 916 neget,
470 854 544 895 euru
566 832 647 895 hanc
665 832 855 895 sententiam
871 854 997 918 quoque
1014 833 1175 897 Crantoris
1191 831 1251 894 sibi
1266 852 1416 916 assump-

182 950 286 1012 sisse?
332 949 413 1013 (lum
436 970 529 1034 porro
552 948 709 1033 Epicurus
732 949 848 1012 multos
871 970 940 1012 esse
963 949 1081 1013 dixerit
1103 949 1239 1013 mundos
1262 954 1294 1012 et
1320 947 1415 1011 idern

184 1065 301 1129 dixerit
325 1065 364 1128 de
386 1066 499 1128 animis
516 1061 557 1148 ²),
581 1065 677 1128 etiarn
708 1065 850 1129 docuisse
873 1067 1000 1130 videtur
1024 1067 1151 1132 easdem
1174 1067 1356 1130 animorum
1382 1071 1415 1129 et

183 1204 349 1268 corporum
373 1189 550 1247 atomorum
573 1184 811 1267 complexiones
834 1184 960 1269 saepius
984 1185 1148 1248 exsistere.
1173 1185 1350 1248 Praeterea
1366 1183 1413 1248 M.

185 1300 353 1363 Terentius
370 1299 473 1363 Varro
489 1299 523 1362 in
539 1299 628 1362 libris
644 1349 652 1381 ,
680 1321 759 1384 quos
775 1300 960 1384 conscripsit
974 1299 1012 1362 de
1028 1306 1124 1383 gente
1135 1300 1245 1385 populi
1254 1299 1414 1391 Romani,

183 1417 262 1480 haec
285 1417 383 1480 verba
406 1416 547 1501 protulit,
560 1436 641 1501 quae
657 1416 858 1500 Augustinus
872 1418 897 1498 8)
915 1423 1161 1481 commemorat:
1189 1415 1416 1498 ,Genethliaci

185 1535 314 1621 quidam
350 1535 546 1620 scripserunt
582 1555 651 1597 1111
685 1535 718 1597 11
748 1535 950 1606 renascendis
972 1535 1153 1598 hominibus
1183 1557 1279 1621 quam
1301 1535 1417 1620 appel-

184 1652 251 1715 lant
273 1656 520 1738 παλιγγενεσίαν
544 1651 675 1715 Graeci:
699 1652 758 1715 hac
783 1653 976 1738 scripserunt
993 1653 1103 1721 confici
1118 1652 1152 1715 in
1169 1653 1259 1716 annis
1275 1673 1416 1716 numero

186 1769 425 1856 quadringentis
448 1768 680 1854 quadraginta,
711 1775 746 1831 11
768 1769 850 1831 idem
873 1791 986 1853 corpas
1008 1777 1036 1833 11
1059 1770 1305 1851 1111111111,
1330 1791 1418 1855 qaae

184 1888 307 1970 fuerint
340 1888 505 1950 11111111
539 1887 573 1949 11
608 1886 730 1949 homine
767 1887 962 1970 aliquando,
994 1887 1100 1950 codem
1136 1909 1251 1951 rursus
1278 1887 1418 1951 redeant

184 2006 218 2068 11
252 2003 527 2067 1111111111111.”
572 2002 731 2088 Epicurus
762 2025 837 2067 1111
871 1996 1034 2090 nunquam
1065 2005 1183 2068 dixerit
1216 2010 1287 2090 post
1311 2026 1417 2068 annos

185 2121 434 2208 quadringentos
457 2121 668 2206 quadraginta
691 2120 825 2184 eandem
847 2122 951 2186 redire
975 2122 1245 2203 coniunctionem,
1270 2120 1355 2206 quod
1380 2122 1418 2185 in

185 2240 253 2304 eius
282 2246 422 2325 systema
451 2260 515 2301 non
547 2238 703 2323 quadrant
727 2239 882 2302 eiusmodi
904 2240 1048 2325 periodi,
1079 2246 1289 2303 veruntamen
1312 2239 1418 2302 animi

185 2358 351 2422 discidium
385 2381 404 2421 a
438 2377 568 2441 corpore
604 2378 668 2419 non
700 2364 891 2441 perpetuum
929 2378 997 2421 esse
1021 2357 1076 2421 sed
1098 2356 1243 2421 homines
1265 2357 1417 2439 renasci,

183 2475 248 2540 iam
282 2475 336 2539 alii
369 2473 550 2560 philosophi
583 2480 657 2537 ante
691 2474 867 2558 Epicurum
902 2475 1128 2571 docuerant,4)
1152 2496 1210 2539 neo
1241 2474 1417 2560 quicquam

185 2591 353 2678 prohibet,
389 2592 557 2677 quominus
592 2590 757 2654 credamus
791 2590 894 2655 simile
921 2592 997 2677 quid
1020 2592 1212 2655 concessisse
1234 2590 1418 2677 Epicurum

185 2709 310 2773 Stoicis.
325 2710 348 2787 ⁵)
372 2709 418 2772 Hi
434 2715 542 2773 tamen
552 2709 708 2794 putabant
720 2709 841 2772 animos
858 2715 940 2772 totos
956 2709 1074 2772 servari
1087 2730 1218 2794 corpore
1232 2709 1389 2773 dissoluto
1407 2759 1416 2791 ,

186 2826 270 2912 quod
293 2825 451 2910 Epicurus
474 2824 647 2889 concedere
670 2847 733 2888 non
757 2832 871 2911 potest.
916 2827 955 2890 In
978 2827 1046 2890 eius
1069 2826 1212 2890 doctrina
1233 2826 1315 2889 nihil
1338 2834 1416 2911 est,

186 2943 272 3029 quod
292 2943 440 3006 iteratam
463 2941 635 3006 earundem
658 2949 836 3007 atomorum
860 2944 1119 3028 compositiohem
1142 2965 1327 3030 oppugnare
1339 2967 1418 3030 pos-

188 3063 250 3125 sit:
290 3060 345 3124 sed
382 3059 462 3124 haec
500 3061 599 3124 altera
634 3061 814 3124 coniunctio
849 3067 974 3124 tantum
1007 3061 1076 3124 ficri
1092 3068 1198 3145 potest
1220 3068 1252 3125 et
1283 3061 1415 3128 infinito

192 3179 320 3243 demum
354 3200 485 3242 casuum
507 3199 639 3242 numero
669 3178 872 3260 verisimilis,
903 3179 980 3264 quin
1004 3179 1099 3243 etiam
1122 3165 1298 3243 11111111.Ι

158 3328 160 3330 v
228 3298 267 3360 In
290 3297 414 3383 reliqua
427 3295 522 3359 huius
538 3296 610 3359 libri
626 3302 717 3381 parte
730 3317 802 3359 oum
818 3302 914 3380 poeta
928 3296 1073 3360 homines
1086 3303 1214 3360 moueat
1226 3303 1262 3360 ut
1274 3303 1418 3363 mortem

184 3434 447 3499 communemque
482 3421 614 3477 naturae
652 3420 770 3477 sortem
803 3413 916 3476 timere
940 3420 971 3476 et
988 3414 1152 3499 deplorare
1170 3414 1349 3497 desistant,
1376 3437 1417 3480 ea

184 3533 294 3620 paucis
319 3532 513 3615 attingemus
536 3552 608 3594 cum
631 3530 669 3594 de
693 3531 760 3594 eius
783 3531 894 3595 morali
918 3530 1060 3594 doctrina
1081 3522 1172 3594 nobis
1190 3531 1415 3598 disserendum

142 3636 145 3640 ¹
184 3651 253 3715 erit.
299 3649 483 3734 Antequam
505 3648 545 3712 ad
567 3655 715 3733 quartum
737 3649 854 3712 librum
877 3649 1078 3713 tractandum
1100 3655 1321 3732 transeamus,
1349 3653 1419 3715 ani·

184 3768 383 3832 madvertcre
396 3767 491 3830 liceat
502 3765 618 3828 mirum
631 3786 699 3830 esse
705 3767 904 3848 Lucretium,
918 3767 976 3830 etsi
992 3767 1078 3849 alibi,
1091 3767 1125 3830 in
1137 3767 1199 3830 fine
1216 3767 1310 3831 huius
1322 3767 1412 3853 libri,

185 3885 241 3948 ubi
268 3884 307 3948 de
326 3883 500 3947 inferorum
522 3882 688 3946 tormentis
710 3903 818 3966 agens,
846 3905 885 3947 ea
908 3883 983 3948 dicit
1005 3884 1079 3949 ficta
1102 3905 1170 3948 esse
1186 3906 1228 3949 ex
1244 3885 1305 3967 iis,
1328 3908 1418 3972 quae

219 4238 236 4296 ¹)
271 4236 309 4287 of.
329 4236 379 4286 (lic.
398 4236 468 4300 Disp.
487 4236 560 4286 Tusa
579 4235 609 4297 Ι,
628 4239 675 4297 38,
694 4237 732 4285 91.

219 4332 239 4394 ²)
275 4332 313 4382 cf.
333 4331 401 4381 Stob.
418 4332 435 4380 l.
453 4333 469 4380 l.
488 4347 569 4394 supra.

219 4429 239 4493 ³)
275 4426 405 4477 nocivis.
424 4427 472 4478 Dei
488 4427 544 4477 libr.
562 4428 644 4478 XXII
662 4427 691 4478 C.
710 4432 748 4478 2³.

219 4523 239 4587 ⁴)
273 4522 338 4572 Plat.
356 4521 459 4572 Phacdr.
478 4525 533 4571 249.

217 4618 236 4678 ⁶>l
271 4616 482 4678 1111111111,
502 4621 606 4682 1‚pag.
626 4622 669 4667 141
688 4634 728 4668 no.
749 4623 769 4666 1.
