3196 5160
734 307 795 370 136

102 550 104 554 -
159 509 262 595 posita
292 508 333 573 sit
363 507 403 572 ad
425 514 534 572 terrae
557 507 710 572 circulum
734 507 927 592 orbemque,
961 527 1023 592 quo
1046 506 1083 571 fit
1104 512 1141 571 ut
1162 527 1234 572 raro
1257 512 1384 571 tantum

158 634 262 691 terrae
294 627 372 690 luna
408 625 545 709 ,rigidas
578 626 649 690 ocni
683 625 866 710 perlabatur
896 624 1057 688 umbras”.
1102 624 1195 689 Haec
1218 624 1246 688 si
1268 629 1384 706 tenes,

157 744 322 829 intellegis
344 743 420 829 quid
443 743 613 806 Lucretius
634 742 734 824 velit,
759 763 831 805 cum
853 747 1066 824 congruenter
1088 764 1161 806 cum
1183 741 1286 828 prima
1310 742 1386 806 solis

159 861 302 925 defectus
326 860 558 946 explicatione,
582 859 627 922 sic
650 859 744 923 lunae
768 857 928 922 defectum
952 859 1110 943 explicet:
1145 865 1196 941 ,et
1219 880 1276 924 our
1299 865 1387 923 terra

158 983 256 1065 queat
287 977 398 1041 lunam
431 976 567 1061 spoliare
595 976 734 1040 vicissim
757 975 877 1039 lumine
901 981 934 1038 et
957 996 1143 1061 oppressum
1165 977 1265 1040 solem
1289 996 1387 1062 super

157 1096 227 1180 ipsa
248 1100 380 1175 tenere,
403 1100 567 1157 menstrua
590 1093 665 1156 dum
687 1092 806 1176 rigidas
829 1093 900 1157 coni
923 1093 1101 1178 perlabitur
1123 1093 1273 1175 umbras3
1305 1098 1387 1157 tem-

157 1233 234 1298 pore
257 1211 368 1275 eodem
391 1211 470 1275 aliut
492 1215 630 1296 nequeat
653 1230 836 1274 succurrere
859 1210 953 1274 lunae
977 1230 1091 1295 corpus
1112 1212 1166 1274 vel
1188 1232 1286 1296 supra
1309 1210 1388 1275 solis

158 1328 317 1414 perlabier
340 1329 469 1410 orbem,
493 1327 579 1414 quod
602 1327 706 1391 radios
731 1329 943 1412 interrumpat
958 1328 1130 1414 lumenque
1145 1327 1348 1413 profusumt’'
1366 1327 1387 1405 ¹)

159 1445 260 1510 Vides
288 1445 418 1508 minime
448 1450 594 1509 accurate
622 1450 750 1529 poetam
773 1465 887 1508 canere
911 1451 1109 1509 menstruam
1131 1445 1242 1508 lunam
1264 1443 1389 1528 rigidas

159 1569 262 1628 terrae
297 1563 368 1626 coni
390 1562 512 1647 perlabi
534 1562 683 1645 umbras,
719 1568 752 1625 01
774 1583 819 1626 vs.
846 1563 928 1644 765,
954 1563 994 1625 66
1036 1562 1235 1646 significare,
1269 1583 1389 1647 corpus

157 1681 238 1745 illud
260 1681 449 1768 obscurum,
480 1686 597 1763 noctu,
632 1701 704 1744 cum
728 1681 774 1744 sol
797 1686 845 1743 est
869 1680 926 1743 sub
950 1685 1056 1762 terra,
1090 1686 1146 1744 aut
1168 1679 1252 1744 inter
1273 1679 1389 1743 lunam

159 1805 191 1864 01
221 1805 339 1863 10110111
361 1799 576 1881 (,011001111010
598 1797 728 1880 lunae”)
752 1804 807 1861 aut
830 1798 914 1861 inter
936 1803 1054 1862 terrem
1077 1804 1109 1861 et
1132 1798 1231 1861 solem
1254 1804 1390 1884 („snpra

160 1917 234 1980 solis
250 1916 393 1992 orbem'')
417 1915 463 1978 110
485 1915 623 2000 positum
647 1936 715 1978 esse
739 1914 876 1998 debere,
911 1920 948 1978 ut
970 1915 1047 1979 111110
1068 1936 1125 2001 per
1148 1917 1216 1980 eius
1238 1915 1390 1979 umbram

159 2034 316 2098 volvatur.
340 2070 381 2079 —
404 2032 518 2097 Altera
539 2032 636 2096 lunae
652 2031 793 2095 defectus
813 2032 984 2117 explicatio
998 2035 1093 2115 ,168
1109 2053 1213 2119 seqq,
1237 2034 1390 2118 congruit

67 2159 70 2164 '
160 2173 232 2217 cum
254 2151 314 2234 iis,
350 2171 432 2237 quae
456 2150 494 2213 de
518 2149 592 2213 solis
615 2149 740 2214 defectu
764 2149 934 2234 dicuntur,
966 2152 1028 2215 758
1051 2172 1157 2236 seqq,
1180 2149 1221 2215 ad
1242 2157 1391 2215 mentem

159 2268 338 2351 Heracliti,
361 2273 398 2331 ut
420 2267 541 2352 opinor.

202 2386 268 2450 Hie
301 2386 400 2470 partis
434 2383 663 2448 astronomicae
697 2391 746 2447 est
772 2384 854 2447 finis.
901 2384 982 2449 Ounr
1005 2383 1068 2449 fide
1092 2391 1125 2449 et
1146 2385 1267 2471 pietate
1291 2393 1392 2472 poeta

159 2502 296 2586 vestigia
329 2500 473 2585 magistri
496 2500 631 2585 pressit:
666 2521 730 2563 non
754 2500 881 2582 omnia,
915 2522 997 2587 quae
1020 2500 1073 2566 hic
1095 2503 1248 2587 protulit,
1283 2503 1325 2568 ab
1351 2525 1392 2569 eo

160 2626 234 2684 sunt
268 2619 449 2705 explicate,
492 2617 548 2681 sed
570 2618 603 2681 in
640 2617 786 2681 omnibus
824 2618 977 2702 magistro
1014 2621 1207 2684 auscultavit
1243 2620 1390 2687 dicenti:

160 2741 179 2814 ἡ
210 2742 279 2803 θεία
309 2740 404 2822 φύσις
438 2738 521 2820 πρὸς
544 2742 639 2801 ταῦτα
663 2735 716 2814 (ad
738 2741 880 2800 meteora
904 2737 1109 2821 explicanda)
1143 2736 1264 2822 μηδαμῆ
1287 2767 1392 2825 προς-

160 2858 305 2940 αγεσθω,
335 2853 410 2919 ἀλλ’
439 2852 687 2938 ἀλειτούργητος
722 2851 926 2939 διατηρείσθω
962 2860 1011 2920 καὶ
1035 2859 1068 2922 ἐν
1094 2856 1156 2944 [τῇ]
1180 2859 1268 2944 πόση
1290 2887 1392 2938 μακα-

159 2972 292 3056 ριότητι,
315 2971 359 3045 ὡς
382 2973 406 3035 εἰ
429 2976 523 3035 τοῦτο
545 2971 587 3052 μὴ
610 2973 851 3056 πραχθήσεται,
875 2970 981 3036 ἅπασα
1004 2975 1022 3048 ἡ
1046 2977 1115 3058 περὶ
1138 2956 1203 3039 τῶν
1223 2974 1391 3059 μετεώρων

160 3087 338 3172 αἰτιολογία
370 3090 483 3169 ματαία
513 3085 607 3152 ἐ’σται.
652 3085 809 3151 00111110
831 3087 892 3151 sibi
915 3088 1115 3173 contingeret
1138 3091 1278 3176 καθάπερ
1302 3097 1391 3158 τισὶν

161 3202 220 3284 ἤδη
254 3207 375 3287 ἐγένετο
409 3204 447 3269 οὺ
482 3200 617 3268 δυνατοῦ
651 3206 772 3288 τρόπου
805 3208 1030 3290 ἐφαψαμένοις,
1066 3211 1109 3283 εἰς
1140 3204 1171 3273 δὲ
1194 3209 1230 3272 τὸ
1253 3210 1392 3288 μάταιον

161 3326 325 3389 ἐκπεσοῦσι
357 3325 402 3407 τη]
432 3320 500 3386 καθ’
523 3321 578 3384 ἕνα
601 3322 723 3404 τρόπον
746 3321 867 3388 οἴεσθαι
890 3326 1037 3408 γίνεσθαι
1058 3326 1159 3404 μόνον
1180 3326 1257 3399 τοός
1279 3325 1305 3389 τ’
1331 3326 1391 3391 ἄλ·

161 3438 241 3514 λονς
276 3437 419 3516 ἅπαντας
453 3439 528 3512 τοὺς
564 3437 640 3500 κατὰ
675 3438 711 3500 τὸ
746 3435 955 3523 ἐνδεχόμενον
989 3438 1178 3525 ἐκβάλλειν,
1214 3439 1257 3516 εἵς
1290 3469 1323 3505 τε
1353 3444 1392 3508 τὸ

160 3552 350 3631 ἀδιανόητον
372 3556 555 3639 φερομένοις
578 3557 626 3618 καὶ
649 3555 687 3618 τὰ
710 3557 882 3639 φαινόμενα
906 3553 924 3620 ii
950 3553 996 3622 δεῖ
1018 3561 1150 3636 [σημεῖα]
1174 3555 1394 3646 ἀποδέχεσθαι

159 3676 201 3756 μὴ
225 3670 409 3755 δυναμένοις
432 3674 622 3756 συνθεωρεῖν
638 3674 673 3747 ²).

204 3789 253 3853 Eo
276 3810 348 3852 cum
371 3788 510 3852 maxime
532 3787 639 3850 meriti
662 3792 736 3851 sunt
759 3787 911 3873 Epicurei
936 3787 976 3852 de
999 3788 1221 3875 philosophia,
1244 3791 1333 3876 qnod
1348 3812 1395 3858 ex

160 3929 226 3972 11110
256 3905 391 3971 materia
414 3910 447 3968 et
476 3926 539 3967 uno
563 3909 741 3969 atomorum
762 3912 853 3969 motu
877 3907 983 3970 omnia
1006 3908 1168 3993 explicare
1191 3908 1395 3976 conabantur

161 4030 194 4089 et
216 4025 249 4087 in
272 4029 340 4088 tcta
361 4028 494 4086 natiuae
517 4022 763 4106 investigatione
786 4046 882 4087 unam
905 4024 1061 4088 rationem
1081 4024 1183 4089 secuti
1198 4031 1289 4110 sunt,
1314 4049 1394 4094 cum

162 4141 307 4205 sensibus
341 4141 416 4204 solis
449 4140 546 4204 fidem
578 4139 742 4204 haberent.
789 4141 870 4206 Oum
904 4142 950 4206 ita
980 4148 1135 4228 perpetuo
1158 4142 1218 4206 sibi
1241 4151 1394 4212 constare

162 4259 268 4324 conati
290 4258 353 4321 sint
376 4264 408 4322 et
432 4258 579 4322 omnibus
601 4258 843 4342 instrumentis,
867 4260 983 4345 quibus
1005 4266 1130 4324 nostrae
1153 4260 1269 4325 aetatis
1288 4268 1394 4328 astro·

195 4537 215 4603 ¹)
249 4535 292 4588 vs.
311 4537 433 4589 ιιι-01.

195 4631 214 4691 η
249 4631 281 4680 n.
299 4631 328 4680 n.
345 4631 387 4692 x,
407 4632 446 4685 01.
