3196 5160
779 294 841 358 180

323 498 382 560 Kal
405 496 488 581 πρὸς
509 503 576 575 τοῖς
600 493 665 561 οὔτ’
688 495 774 562 ἄλλο
795 524 824 561 τι
846 499 988 583 γίγνεται
1011 494 1078 563 οὐδ’
1101 496 1258 583 ἀπολήγει

314 729 421 796 ’Άλλο
446 728 478 797 δι’
500 759 549 796 τοι
571 733 643 816 ἐρέω
669 752 675 766 ·
701 735 797 818 φύσις
819 730 952 811 οὐδενός
975 735 1058 798 ἐστιν
1082 732 1232 798 ἁπάντων

321 852 466 927 θνητῶν,
490 846 562 914 οὐδέ
583 877 630 927 τις
653 848 828 931 οὐλομένου
851 851 1003 915 θανάτοιο
1026 849 1170 927 τελευτή,

320 962 405 1028 ἀλλὰ
428 965 529 1046 μόνον
550 962 636 1047 μῖξίς
658 992 689 1029 τε
712 962 882 1040 διάλλαξίς
905 994 935 1030 τε
958 970 1113 1050 μιγέντων

320 1083 384 1146 ἐστί
394 1129 404 1158 ,
427 1084 520 1167 φύσις
545 1079 570 1146 d’
594 1083 641 1146 ἐπὶ
665 1090 732 1157 τοῖς
756 1082 941 1163 ὀνομάζεται
964 1083 1181 1167 ἀνθρώποισιν
1205 1102 1212 1117 ·

320 1200 351 1262 ἐκ
372 1204 427 1261 τοῦ
451 1199 514 1283 γὰρ
536 1198 577 1279 μὴ
601 1199 712 1272 ἐόντος
735 1196 902 1283 ιἰμήχανόν
925 1201 988 1263 ἐστι
1009 1201 1173 1284 γενέσθαι,

319 1316 357 1378 τό
378 1315 403 1379 τ’
426 1316 479 1379 ἐὸν
501 1313 698 1389 ἐξόλλυσθαι
721 1313 900 1390 ἆνὴννστον
924 1320 972 1381 καὶ
996 1315 1155 1400 ἄπρηκτον
1175 1312 1205 1392 ¹).

234 1430 321 1494 Luce
345 1436 393 1494 est
416 1431 540 1513 clarius,
564 1431 597 1493 ni
621 1431 768 1513 fallimur,
791 1431 977 1496 Lucretium
1012 1431 1065 1495 hic
1089 1451 1214 1517 quoque
1237 1430 1414 1518 Epicurum

190 1553 351 1631 secutum,
375 1549 514 1612 breviter
538 1548 644 1611 omnia
667 1548 962 1632 comprehendisse,
987 1570 1068 1635 quae
1091 1549 1145 1612 ille
1169 1553 1280 1612 contra
1302 1547 1414 1612 adver·

189 1665 287 1728 sarios
320 1687 456 1729 vacuum
490 1671 645 1750 negantes
679 1667 849 1751 scripserit.
895 1666 985 1730 Idem
1020 1667 1233 1743 ostendimus,
1250 1686 1325 1751 pag.
1352 1667 1412 1729 138

190 1781 229 1845 de
262 1804 308 1845 vs.
344 1784 405 1845 786
440 1803 526 1868 seqq.
558 1803 575 1845 e
607 1783 688 1846 libro
712 1783 764 1866 V,
803 1783 857 1868 qui
880 1805 899 1846 a
921 1784 1056 1846 Munroo
1072 1781 1098 1866 ²)
1121 1782 1162 1847 ad
1183 1781 1412 1867 Empedoclem

189 1899 388 1985 potissimum
409 1899 599 1963 referuntur.
624 1901 727 1975 Quam
750 1906 870 1964 temere
893 1900 1054 1964 interdum
1078 1905 1174 1984 agant
1196 1900 1230 1963 in
1253 1898 1412 1984 Empedo-

189 2015 265 2080 cleis
300 2037 372 2080 cum
404 2016 607 2081 Lucretianis
636 2017 779 2080 versibus
803 2017 1021 2102 comparandis
1043 2016 1117 2080 inde
1140 2016 1229 2080 vides
1252 2014 1338 2101 quod
1359 2015 1410 2097 H,

193 2134 275 2196 1112
300 2154 385 2219 seqq.
409 2134 614 2198 conferuntur
636 2156 708 2198 eum
731 2133 933 2219 Empedoclis
956 2136 1036 2217 273,
1063 2135 1124 2217 74,
1160 2135 1244 2216 378,
1270 2135 1310 2196 79
1328 2131 1411 2215 ³),a

190 2251 348 2333 Munroo,
372 2257 407 2314 ut
429 2273 529 2315 unum
551 2252 690 2316 afferam.
736 2251 779 2315 Et
801 2258 908 2316 tamen
930 2251 1011 2315 nihil
1034 2251 1161 2314 omnino
1184 2250 1305 2314 habent
1328 2271 1410 2314 com·

190 2389 288 2431 mune
321 2374 447 2453 praeter
481 2369 618 2433 sonitum
651 2370 886 2433 vocabulorum.
932 2367 1142 2454 Empedocles
1171 2388 1326 2450 narrans,
1357 2368 1411 2452 qui

188 2485 326 2548 mundus
362 2507 404 2549 ex
442 2487 609 2550 elementis
632 2487 805 2569 coaluerit,
830 2487 925 2551 dicit:
965 2492 1038 2571 πυρὶ
1078 2483 1108 2552 δ’
1132 2483 1296 2559 αὐξάνεται
1330 2490 1410 2569 πῦρ,

189 2602 273 2678 αὔξει
307 2602 339 2670 di
374 2607 465 2691 χθὼν
499 2611 554 2686 μὲν
590 2609 738 2690 σφέτερον
762 2603 874 2687 δέμας,
910 2608 1017 2690 αἰθέρα
1042 2601 1068 2670 d’
1091 2607 1195 2687 αἰθήρ.
1240 2601 1410 2666 Lucretius

188 2721 265 2785 item
290 2722 470 2786 describens
493 2724 548 2808 qut
569 2723 706 2786 mundus
728 2728 800 2807 post
826 2728 970 2807 „tempus
992 2721 1152 2805 genitale”
1176 2720 1329 2802 creverit,
1352 2719 1409 2783 hos

188 2861 298 2905 versus
321 2840 429 2905 addit:
456 2863 549 2923 ,nam
572 2864 629 2905 sua
652 2841 787 2927 cuique,
819 2840 896 2904 locis
920 2861 962 2904 ex
985 2840 1152 2922 omnibus,
1178 2839 1285 2903 omnia
1307 2836 1410 2925 plagis

189 2979 320 3044 corpora
349 2958 582 3023 distribuuntur
609 2965 641 3022 et
664 2958 704 3022 ad
727 2980 784 3022 sua
807 2957 911 3021 saecla
933 2956 1108 3040 recedunt,
1144 2978 1235 3020 umor
1258 2955 1298 3019 ad
1320 2976 1408 3019 umo-

186 3097 276 3159 rem,
310 3083 436 3141 terreno
466 3099 596 3163 corpore
630 3084 716 3142 terra
746 3076 879 3158 crescit,
911 3080 944 3138 et
977 3074 1085 3158 ignem
1115 3075 1206 3158 ignes
1228 3073 1409 3158 procudunt

188 3199 323 3280 atraque
346 3195 432 3258 aer.”
477 3195 628 3258 Formam
655 3193 838 3279 respicienti
861 3192 980 3256 similes
1003 3191 1105 3255 videri
1127 3197 1260 3278 possunt
1282 3189 1317 3253 hi
1338 3211 1410 3255 ver·

187 3333 261 3394 sus,
297 3311 352 3374 sed
380 3312 533 3375 Munrous
564 3317 656 3396 putat
679 3332 732 3374 eos
754 3331 789 3373 re
810 3310 895 3373 inter
918 3330 951 3373 se
977 3329 1152 3393 congruere
1168 3306 1211 3391 4),
1245 3307 1333 3393 quod
1355 3309 1410 3394 qul

188 3427 298 3491 doctus
333 3432 365 3490 et
395 3448 495 3512 sagax
528 3427 577 3491 vir
611 3426 801 3491 contendere
835 3425 936 3511 possit
966 3447 1029 3488 non
1054 3424 1217 3508 intellego.
1262 3424 1411 3488 Primum

186 3544 271 3609 enirn
306 3567 407 3630 aqua,
444 3545 549 3629 ignis,
586 3550 690 3626 terra,
719 3564 774 3608 aer
796 3564 861 3606 non
887 3542 999 3607 eadem
1029 3548 1103 3605 sunt
1133 3542 1261 3628 utrique
1283 3549 1410 3627 poetae.

185 3662 371 3748 Empedocli
412 3668 486 3726 sunt
520 3662 679 3726 elementa
712 3682 836 3743 rerum,
878 3659 1029 3723 Lucretio
1063 3665 1136 3722 sunt
1170 3658 1411 3745 complexiones

185 3785 372 3844 atomorum.
417 3779 541 3843 Deinde
576 3779 660 3864 apud
694 3777 922 3864 Empedoclem
957 3776 1170 3859 conveniunt,
1199 3776 1273 3862 quia
1296 3782 1410 3842 mutuo

186 3918 254 3962 sese
290 3902 418 3980 amant,
457 3897 637 3981 ὁμοιωθέντ’
671 3893 844 3982 Ἀφροδίτῃ
879 3894 990 3978 (266);
1029 3893 1185 3958 eiusmodi
1214 3893 1411 3980 principium

217 4176 235 4238 ¹)
268 4175 423 4239 Empedoclis
440 4172 555 4224 Carmina
570 4172 647 4222 edidit
664 4173 739 4222 Mull.
758 4189 795 4223 vs.
813 4176 859 4233 92,
878 4175 998 4224 98-103.

218 4268 238 4332 ²)
273 4270 312 4317 Ad
327 4268 366 4329 V,
385 4271 439 4320 783.

216 4362 238 4428 ³)
271 4363 384 4412 Exedit.
401 4362 473 4411 Milll.

215 4457 236 4523 4)
270 4457 328 4506 Non
352 4455 438 4506 iisdem
462 4455 544 4506 verbis
568 4456 615 4506 hoc
632 4456 703 4517 dicit,
729 4472 785 4506 cum
803 4472 860 4506 vero
876 4460 948 4519 putet
966 4471 1051 4507 versus
1067 4456 1179 4506 laudatos
1197 4453 1332 4505 convenire
1350 4471 1411 4506 cum

183 4552 255 4616 Emp.
276 4553 339 4612 273,
358 4551 402 4612 74,
419 4553 484 4616 quod
499 4556 582 4601 temen
600 4553 632 4601 sd
647 4553 751 4602 formam
767 4551 872 4602 attineat
888 4551 972 4615 potius
988 4567 1045 4602 cum
1057 4552 1117 4613 378,
1137 4551 1183 4613 79,
1200 4549 1322 4602 concludo
1333 4550 1410 4602 illum

181 4652 268 4711 putare
284 4646 376 4711 priores
393 4662 478 4697 versus
496 4662 522 4695 re
539 4646 604 4696 inter
620 4663 646 4696 se
663 4647 801 4698 convenire.
