3196 5160
762 292 822 353 160

183 491 267 556 Nam
294 491 320 555 si
344 491 512 555 statuimus
535 511 608 554 eum
631 491 712 555 hano
736 490 982 576 descriptionem
1006 515 1061 557 suo
1085 495 1189 559 Marte
1211 496 1412 579 inseruisse,

183 616 333 695 putemus
366 629 496 672 necesse
531 615 579 672 est
612 630 686 672 eum
719 609 909 694 Hippocrati
944 611 996 673 vel
1030 611 1099 674 aliis
1122 612 1253 676 medicis
1277 634 1413 698 operam

185 726 332 810 dedisse,
366 748 438 791 cum
472 727 547 790 inde
582 749 601 790 a
635 749 679 790 vs.
708 729 787 790 1183
811 728 912 791 multa
934 728 1069 812 referat,
1092 751 1174 815 quae
1197 730 1283 816 apud
1306 730 1413 795 Thus.

184 867 248 910 non
279 846 428 930 leguntur
444 847 473 928 ¹).
521 845 584 909 Sed
607 845 754 930 apparuit
777 850 905 930 poetam
927 867 1122 931 numquam,
1157 854 1315 934 quatenus
1339 848 1413 934 qui-

186 964 298 1028 deme
321 963 460 1027 carmine
483 962 552 1025 eius
574 961 720 1045 cognosci
743 968 868 1046 potest,
892 962 963 1026 aliis
986 962 1117 1026 Graecis
1139 963 1336 1050 philosophis
1353 972 1413 1029 aut

184 1081 316 1146 medicis
350 1080 517 1143 studuisse.
563 1079 647 1142 Eum
684 1085 791 1142 autem
824 1079 857 1141 in
891 1078 973 1143 hano
1007 1080 1111 1165 operis
1144 1088 1288 1166 partem,
1323 1103 1411 1168 quae

185 1199 228 1262 cd
262 1205 359 1261 totum
391 1195 574 1282 respicienti
607 1217 671 1258 non
705 1194 875 1258 admodum
908 1197 1013 1280 gravis
1048 1202 1080 1260 et
1113 1199 1221 1282 magni
1250 1199 1411 1262 momenti

184 1316 331 1398 videtur,
354 1321 478 1378 tantum
501 1313 641 1377 studium
662 1313 866 1397 impendisse,
895 1321 931 1377 ut
953 1319 1099 1377 veterum
1123 1314 1318 1379 Graecorum
1341 1337 1410 1380 me-

184 1433 325 1497 dicorum
359 1433 476 1517 scripta
505 1432 702 1516 perlegeret,
726 1453 790 1494 non
820 1431 992 1494 verisimile
1015 1431 1094 1495 mihi
1116 1421 1250 1496 videtur.
1296 1433 1409 1497 Etiam

182 1551 263 1615 aliae
294 1557 367 1613 sunt
389 1557 496 1635 partes
519 1552 632 1631 (1151,
659 1548 730 1632 [Th.
766 1550 821 1631 H,
845 1552 907 1631 49,
931 1551 987 1632 2),
1022 1551 1408 1632 1159,1197,12Ο2-

185 1671 289 1750 1205,
323 1670 422 1749 1209,
457 1669 551 1749 1239)
569 1668 612 1749 2),
644 1687 724 1752 quae
748 1672 802 1729 aut
824 1688 885 1729 non
910 1667 1061 1750 leguntur
1083 1667 1168 1752 apud
1190 1667 1312 1750 Thue,
1351 1675 1409 1732 aut

182 1807 247 1849 non
269 1791 447 1870 congruunt
470 1805 542 1848 cum
565 1784 633 1847 eius
655 1783 770 1846 verbis.
806 1784 911 1847 Munr.
936 1790 1044 1847 censet
1066 1790 1194 1869 poetam
1217 1806 1271 1849 eos
1294 1805 1413 1849 versus

182 1904 374 1968 scribentem
404 1923 468 1965 non
498 1901 695 1964 intellexisse
726 1921 807 1986 quae
830 1900 931 1964 Thuo.
956 1901 1137 1986 scripserit,
1172 1924 1244 1966 cum
1266 1902 1413 1967 Romani

183 2021 326 2086 Lucretii
360 2026 502 2104 tempore
533 2040 597 2082 non
627 2019 744 2103 optime
768 2039 880 2102 graece
904 2019 1031 2082 scirent.
1078 2019 1141 2084 Sed
1163 2019 1224 2083 hoc
1246 2019 1337 2084 idem
1359 2042 1413 2085 ar·

185 2142 373 2222 gumentum
406 2135 498 2199 nobis
526 2134 733 2220 persuaderet
767 2135 953 2198 Lucretium
986 2156 1147 2221 nunquam
1181 2135 1272 2199 illum
1298 2157 1415 2200 rerum

183 2261 345 2340 gestarum
380 2254 566 2338 scriptorem
598 2253 739 2336 legisse,
774 2273 869 2338 quem
903 2253 1013 2317 Cicero
1037 2253 1197 2316 difficilem
1220 2274 1289 2317 esse
1314 2254 1416 2319 iutel-

181 2373 268 2436 lectu
303 2372 394 2435 dixit.
440 2371 553 2435 Potius
577 2369 733 2433 oredimus
756 2369 931 2454 Epicurum
955 2369 993 2433 de
1015 2370 1133 2433 morbis
1156 2370 1415 2456 scribentemb,

182 2511 254 2554 oum
289 2489 328 2552 de
362 2494 452 2574 peste
482 2493 612 2571 ageret,
637 2486 832 2572 Thucydidis
862 2486 1106 2571 descriptionem
1137 2493 1280 2552 secutum
1315 2509 1416 2574 esse,

182 2607 335 2670 nonnulla
357 2605 535 2686 addidisse,
570 2604 652 2686 alia,
687 2625 767 2689 quae
791 2604 988 2668 emendanda
1010 2606 1039 2668 ei
1062 2605 1266 2689 viderentur,
1298 2627 1417 2672 emen-

185 2722 275 2787 dasse
320 2727 352 2786 et
391 2721 576 2784 Lucretium
620 2720 765 2803 magistri
799 2721 935 2804 vestigia
967 2721 1128 2806 pressisse.
1187 2721 1267 2785 Cum
1296 2729 1416 2789 autem

183 2840 285 2904 morbi
320 2839 447 2903 criteria
477 2843 583 2902 essent
617 2837 831 2900 enumeranda
861 2839 983 2923 etipse
1006 2838 1209 2924 Thucydides
1232 2860 1269 2902 co
1294 2842 1415 2907 morbo

183 2958 379 3038 laborasset,
414 2977 477 3020 non
499 2956 615 3017 mirum
639 2960 686 3017 est
708 2954 884 3039 Epicurum
906 2961 972 3018 tam
995 2961 1141 3019 accurate
1163 2977 1237 3019 eum
1259 2964 1413 3023 secutum

185 3095 273 3156 esse,
306 3079 342 3136 ut
371 3072 437 3136 fere
467 3073 500 3135 in
525 3071 670 3135 omnibus
694 3072 830 3135 eundem
853 3079 958 3135 servet
981 3073 1131 3136 ordinem.
1177 3072 1269 3147 Quod
1293 3074 1323 3138 si
1346 3081 1411 3140 sta·

61 3263 63 3266 ,
184 3192 303 3255 tuimus
326 3191 431 3254 omnia
452 3189 545 3252 facile
566 3189 787 3274 explicantur,
817 3210 898 3274 quae
921 3190 1025 3253 minus
1047 3190 1197 3254 videntur
1218 3193 1409 3278 perspicua,

185 3330 288 3396 neque
338 3329 410 3372 cum
445 3308 573 3389 Munr,
620 3312 656 3369 ut
691 3306 751 3369 hoo
784 3312 876 3389 utar,
915 3308 1120 3371 statuendum
1157 3315 1226 3391 est,
1275 3316 1407 3396 poetam

183 3428 278 3491 metri
300 3448 396 3490 causa
417 3447 462 3489 vs.
490 3427 570 3488 1191
595 3433 741 3488 octavum
765 3423 848 3487 diem
872 3425 1033 3510 scripsisse
1056 3447 1112 3511 pro
1128 3427 1286 3517 septimo,
1310 3449 1403 3514 quem

185 3543 285 3607 Thuo.
309 3542 519 3624 memoravit,
555 3562 627 3604 cum
650 3541 788 3626 Epicuro
811 3540 893 3606 hanc
917 3541 1161 3627 discrepantiam
1184 3543 1398 3630 imputendam
1479 3530 1518 3585 s

184 3682 252 3726 esse
275 3652 370 3724 facile
390 3659 520 3725 concedi
542 3659 652 3744 possit.

217 3969 234 4031 ¹)
269 3969 307 4022 ef.
326 3969 409 4018 Munr.
427 3967 540 4018 adhunc
555 3967 645 4017 locum.

216 4065 228 4098 ²
274 4064 311 4114 Of.
330 4064 413 4112 Munr.

217 4067 238 4228 1)
272 4160 304 4210 Ι).
322 4161 351 4210 L.
369 4159 409 4219 X,
428 4161 473 4207 28:
507 4157 632 4220 Epicurus
649 4155 761 4220 scripsit:
780 4159 838 4221 περὶ
854 4157 936 4208 νόσων
953 4157 1022 4214 δόξαι
1039 4162 1104 4223 πρὸς
1120 4157 1232 4224 Μίθραν.
