3196 5160
778 267 818 330 18

182 472 215 536 in
250 492 312 558 quo
344 470 405 535 sita
427 475 502 534 sunt
526 475 558 534 et
581 491 644 555 qua
667 468 792 534 diversa
815 475 993 533 moventur.
1040 468 1163 554 Oorpus
1185 469 1272 533 enim
1294 491 1352 555 per
1375 491 1410 534 se

181 589 358 654 communis
390 588 517 652 dedicat
542 607 612 651 esse
635 609 759 670 sensus3
784 588 835 652 oui
858 587 920 650 nisi
942 588 1045 671 prima
1067 587 1146 651 fides
1168 587 1300 652 fundata
1323 589 1410 652 vale·

181 705 250 788 bit,
283 705 362 769 haut
385 705 445 768 erit
473 704 605 768 occultis
630 703 804 785 derebus,
829 724 890 788 quo
914 703 1090 766 referentes
1108 704 1294 768 confirmare
1311 704 1410 768 animi

182 824 350 909 quicquam
372 822 496 885 ratione
519 842 673 907 queamus
692 820 722 904 ¹).
769 821 853 884 Tum
876 842 969 905 porro
985 820 1073 884 locus
1089 842 1125 886 ac
1141 822 1300 906 spatium,
1325 822 1411 906 quod

180 940 275 1005 inane
310 959 478 1020 vocamus,
514 938 540 1001 si
562 937 687 1000 nullum
709 936 811 1019 foret,
844 936 923 1000 haut
946 959 1080 1022 usquam
1103 938 1163 1001 sita
1186 959 1317 1024 corpora
1338 960 1411 1023 pos-

182 1063 252 1122 sent
276 1077 345 1120 esse
367 1075 471 1141 neque
495 1055 623 1118 omnino
646 1076 806 1140 quoquam
821 1054 946 1118 diversa
962 1056 1091 1119 meare''
1105 1058 1139 1138 ²).
1165 1055 1323 1129 Quocum
1339 1057 1409 1119 loco

183 1176 209 1239 si
246 1174 378 1260 Epicuri
416 1169 551 1256 verba³)
598 1173 837 1257 componimus,
876 1194 1000 1237 summa
1030 1173 1155 1258 patebit
1178 1173 1408 1257 congruentia:

180 1295 217 1358 τὸ
248 1297 313 1359 πᾶν
336 1295 399 1358 ἐστι
424 1296 514 1374 σῶμα
538 1296 598 1369 (καὶ
623 1291 744 1374 κενόν);
780 1292 818 1356 τὰ
841 1297 897 1374 μὲν
921 1291 982 1376 γάρ
1007 1293 1133 1374 σώματα
1158 1293 1202 1365 ὡς
1225 1291 1308 1356 ’ἐστιν
1332 1292 1408 1368 αὐτὴ

180 1410 199 1484 ἡ
235 1409 382 1487 αἴσθησις
416 1411 463 1473 ἐπὶ
497 1410 628 1475 πάντων
661 1418 829 1493 μαρτυρεῖ,
865 1410 934 1475 καθ’
966 1408 1006 1485 ἣν
1028 1411 1202 1496 ἀναγκαῖον
1225 1411 1262 1473 τὸ
1286 1407 1409 1485 ἄδηλον

180 1531 223 1611 τῷ
254 1525 401 1611 λογισμῷ
433 1528 665 1608 τεκμαίρεσθαι·
698 1529 722 1590 εἰ
757 1522 788 1591 δὲ
818 1527 860 1608 μὴ
892 1529 929 1601 ἦν
964 1526 982 1591 ὃ
1017 1528 1109 1592 κενὸν
1143 1532 1191 1591 καὶ
1216 1528 1326 1613 χώραν
1360 1531 1409 1591 καὶ

181 1643 285 1728 ἀναφῆ
320 1645 415 1728 φύσιν
450 1640 669 1724 ὀνομάζομεν,
707 1641 763 1706 oin<
798 1641 836 1706 ἂν
870 1643 934 1729 εἶχε
957 1644 994 1707 τὰ
1018 1645 1145 1724 σώματα
1169 1647 1251 1708 ὅπου
1274 1647 1313 1718 ἦν
1336 1640 1410 1708 οὐδὲ

181 1756 218 1825 δι’
241 1759 278 1823 οὗ
303 1761 450 1839 ἐκινεῖτο,
474 1760 614 1842 καθάπερ
639 1761 778 1843 φαίνεται
801 1762 965 1839 κινούμενα
979 1756 1011 1840 4).

225 1876 264 1939 In
299 1874 380 1957 hac,
415 1895 497 1960 quae
520 1873 560 1937 de
582 1895 682 1938 vacuo
706 1880 837 1955 tractat,
863 1882 954 1960 parte
982 1875 1066 1938 idem
1089 1875 1411 1939 animadvertendum

181 2014 252 2058 esse
276 2013 463 2074 censemus,
488 1991 572 2078 quod
594 1998 705 2074 antea,
729 2014 845 2078 nempe
868 1993 1056 2056 Lucretium
1077 1993 1217 2078 primum
1239 2014 1411 2077 argumen-

183 2116 252 2173 tum
282 2109 315 2172 id
349 2129 486 2195 ponere,
521 2108 605 2194 quod
642 2130 706 2172 non
743 2109 805 2172 nisi
844 2109 1061 2173 ratiocinando
1092 2109 1259 2194 probatur,
1294 2109 1411 2173 deinde

182 2227 262 2291 illud
285 2227 471 2291 confirmare
494 2226 713 2310 argumentis,
748 2247 790 2290 ex
812 2248 874 2290 usu
895 2227 980 2290 vitae
1005 2227 1159 2312 sumptis:
1193 2227 1248 2290 sod
1270 2227 1412 2312 primum

182 2343 263 2408 illud
296 2349 541 2428 argumentum,
575 2348 611 2406 ut
645 2343 730 2428 apud
762 2344 936 2429 Epicurum
965 2366 1109 2430 qnoque,
1134 2345 1173 2408 de
1195 2366 1296 2409 vacuo
1319 2345 1413 2409 abso-

182 2460 251 2523 luto
274 2460 357 2544 agit,
381 2481 573 2546 quamquam
602 2461 697 2523 ιἰιαιια
729 2461 764 2523 io
797 2460 888 2524 rebus
924 2482 992 2524 esse
1016 2460 1232 2524 demonstrare
1257 2461 1411 2544 debet⁵):

216 2813 235 2871 1)
270 2811 301 2861 D.
320 2811 348 2860 L.
367 2811 403 2871 X,
422 2813 469 2859 32:
497 2811 558 2861 ὅθεν
583 2811 625 2860 καὶ
649 2812 706 2875 περὶ
732 2815 783 2860 τῶν
807 2809 912 2870 ἀδήλων
929 2812 980 2863 ἀπὸ
998 2817 1048 2861 τῶν
1072 2810 1230 2875 φαινομένων
1251 2813 1302 2876 χρὴ
1328 2829 1414 2874 σημει-

183 2910 282 2959 οῦσθαι.
513 2962 515 2968 ,

215 3003 235 3067 ²)
270 3002 312 3052 vt.
331 3003 468 3050 rra-raa

213 3097 230 3156 3)
267 3096 300 3146 D.
317 3094 527 3156 L.X,39,40.

214 3192 234 3256 ⁴)
269 3189 376 3240 Addidi:
402 3191 444 3241 καὶ
469 3189 542 3240 κενόν
559 3190 624 3253 quod
641 3189 763 3239 sententia
779 3188 896 3253 requirit:
924 3189 1012 3240 deinde
1028 3191 1048 3240 εἰ
1066 3194 1113 3256 γὰρ
1137 3192 1172 3255 μὴ
1190 3191 1285 3240 mutavi
1302 3190 1329 3239 in
1346 3192 1367 3240 εἰ
1385 3191 1411 3242 δὲ

181 3287 221 3351 μὴ.
256 3285 311 3335 Ηοο
336 3285 380 3334 illo
404 3285 457 3334 loeo
482 3283 541 3334 olim
561 3284 652 3334 lectum
676 3301 740 3346 esse,
766 3284 825 3334 satis
848 3291 949 3348 apparet
973 3301 1005 3334 ex
1029 3285 1108 3349 ipsius
1125 3285 1228 3349 Epicuri
1243 3285 1270 3334 in
1287 3285 1359 3349 epist.
1380 3289 1413 3336 ad

181 3381 256 3447 Pyth.
276 3381 315 3440 (D.
334 3381 363 3429 L.
381 3379 421 3440 X,
440 3383 478 3438 86)
497 3379 590 3428 verbis:
610 3383 639 3432 τὸ
657 3385 712 3430 πᾶν
729 3385 799 3443 σῶμα
817 3382 860 3430 καὶ
877 3382 977 3445 ἀναφὴς
994 3380 1068 3446 φύσις
1085 3379 1169 3440 ἐστίν,
1182 3397 1195 3430 e
1207 3381 1273 3430 Plut.
1286 3381 1342 3429 adv.
1356 3381 1410 3432 col.

183 3475 238 3525 XI:
258 3477 287 3524 5:
322 3474 474 3536 Ἐπικούρου
506 3473 530 3522 δὲ
559 3475 694 3538 λέγοντοςτ
729 3474 761 3534 μὴ
787 3458 951 3525 τῶνόντων
979 3475 1053 3539 φύσις
1078 3477 1182 3538 σώματά
1200 3475 1254 3524 ἐστι
1271 3476 1313 3524 καὶ
1330 3481 1413 3535 τόπος

181 3577 243 3631 eta,
260 3575 346 3634 postea
362 3568 446 3628 XIII,
465 3571 493 3616 3:
513 3569 540 3618 ἐν
558 3571 627 3634 ἀρχῇ
644 3568 669 3616 δὲ
688 3573 734 3628 τῆς·
752 3567 928 3634 πραγματείας
947 3569 1080 3631 ὑπειπών,
1099 3573 1146 3630 τάν
1164 3574 1216 3620 τῶν
1239 3573 1321 3621 ὄντων
1332 3571 1412 3633 φύσιν

182 3668 286 3730 σώματα
304 3667 367 3714 εἶναι
385 3666 425 3712 καὶ
443 3666 525 3712 κενόν.
557 3663 685 3712 Incertum
712 3669 795 3713 tamen
819 3663 899 3713 videri
914 3670 1010 3728 potest,
1036 3665 1102 3728 quod
1128 3664 1276 3713 vocabulum
1293 3679 1324 3713 ex
1340 3663 1412 3714 hisce

181 3759 273 3810 tribus:
291 3762 373 3817 ιεενάν,
388 3759 484 3817 τόπος,
502 3758 601 3820 ἀναφὴς
614 3756 687 3819 φύσις
700 3757 841 3821 eligendum
853 3757 900 3820 sit3
919 3759 961 3808 sed
970 3757 1176 3808 animadvertenti
1185 3758 1213 3807 in
1222 3759 1328 3807 secunda
1339 3763 1413 3820 parte

182 3854 318 3904 sententiae
334 3853 438 3903 verbum
455 3855 530 3902 κενόν
546 3851 654 3914 primum
670 3852 752 3902 locum
769 3868 900 3916 occupare,
918 3853 1023 3916 patebit,
1044 3852 1115 3903 utin
1132 3853 1239 3902 seeundo
1252 3851 1414 3902 ePlutaroho

181 3949 282 3999 laudato
298 3950 367 4010 loco,
384 3948 421 3998 ita
437 3948 478 3997 hic
495 3948 571 3997 etiam
591 3947 653 3996 illud
670 3948 773 3997 verbum
790 3951 862 3998 κενόν
879 3948 1037 3998 scribendum
1054 3964 1114 3998 esse.
1133 3976 1164 3985 —
1182 3948 1214 3998 In
1230 3946 1415 4011 paragraphum

184 4047 214 4093 38
241 4044 366 4094 Gessendo
390 4043 472 4093 visum
497 4050 535 4092 est
557 4045 599 4093 καὶ
620 4044 698 4094 ούὸὲν
724 4041 851 4109 φθείρεται
875 4044 909 4103 εἰς
934 4049 962 4096 τὸ
979 4046 1014 4108 μὴ
1032 4047 1062 4096 ὄν
1078 4043 1238 4093 inserendum
1254 4058 1324 4103 esse,
1342 4044 1413 4106 quod

182 4144 280 4199 temen,
298 4141 319 4187 si
334 4138 397 4188 illud
414 4145 517 4203 πρῶτον
534 4142 579 4202 μὲν
596 4143 621 4187 et
638 4138 662 4188 a
678 4143 734 4200 post
750 4138 876 4202 ἐφθείρετο
893 4155 944 4187 non
959 4144 1097 4202 praetereo,
1115 4138 1236 4186 affirmare
1252 4152 1302 4186 non
1318 4136 1412 4187 ausim.

215 4234 233 4293 ⁵)
269 4237 328 4293 330,
355 4237 409 4282 335.
445 4233 503 4283 Sine
530 4233 583 4284 ullo
608 4232 750 4282 discrimine
778 4233 909 4284 Lueretius
932 4249 1050 4298 usurpare
1079 4234 1177 4283 videtur
1195 4232 1309 4283 nomina:
1327 4234 1413 4295 inane,

183 4344 305 4388 vacuum,
318 4328 387 4378 locus
401 4328 448 4393 (res
459 4331 485 4378 in
494 4344 543 4393 quo
552 4343 664 4393 quaeque
681 4329 829 4394 geruntur),
842 4329 963 4392 spatium,
980 4329 1088 4393 spatium
1104 4329 1194 4389 inane,
1212 4345 1318 4378 vacuum
1335 4327 1414 4380 inane

186 4423 240 4489 (II,
268 4427 331 4482 236).
357 4423 448 4472 Sextus
470 4423 610 4486 Empiricos
634 4425 706 4474 docet
732 4424 869 4487 Epicurum
887 4426 921 4475 sic
938 4424 1083 4475 discrevisse
1100 4430 1129 4476 τὸ
1147 4426 1232 4483 κενὸν,
1252 4429 1297 4475 τὸν
1314 4426 1412 4486 τόπον,

184 4521 233 4579 τὴν
251 4521 349 4583 χάρανι
368 4518 487 4581 ,,ἕπειπερ
506 4518 521 4579 ἡ
539 4520 605 4579 αύτή
622 4519 696 4584 φύσις
712 4519 803 4583 ἔρημος
819 4522 865 4584 μὲν
882 4525 1051 4580 ractores-ota
1073 4525 1175 4578 παντὸς
1186 4521 1314 4583 σώματος,
1336 4523 1414 4571 κενὸν

185 4613 414 4680 προσαγορεύεται,
440 4613 522 4676 (Lucr.
544 4629 651 4662 vacuum
671 4613 1071 4678 quodinanevocamus1439,
1098 4617 1145 4663 426
1169 4613 1238 4664 loeus
1255 4629 1283 4662 ac
1301 4613 1412 4676 spatium
