3196 5160
769 317 830 381 173

185 527 291 605 aetas,
324 528 397 607 post
423 527 559 586 mortem
591 542 673 606 quae
706 526 805 584 restat
834 541 971 606 eumque
996 519 1175 586 manenda”
1197 525 1227 601 ¹).
1272 520 1416 587 Aetema

184 639 283 704 animi
305 639 556 725 tranquillitate,
591 638 732 702 maximo
754 638 838 702 bono
860 637 1064 723 potirentur,
1101 638 1127 702 si
1150 638 1244 702 modo
1269 638 1415 707 viderent

189 757 254 838 ,au
287 755 377 820 aliod
410 755 469 819 stoi
498 762 650 820 notorem
674 755 817 837 latrare,
851 756 916 818 nisi
938 762 996 838 ut,
1032 757 1083 819 eni
1106 777 1234 841 corpore
1256 757 1414 820 seiunctus

186 875 276 938 dolor
309 874 410 956 absit,
444 873 553 937 menti'
587 873 723 955 fruator
746 873 883 937 ιἰισιιαοίο
906 894 1022 957 sensu,
1059 895 1139 938 curo
1162 875 1293 938 semotn’
1317 881 1414 938 μιαίν-

185 991 264 1076 que'‘
276 990 313 1075 ²).
358 991 499 1066 Quodsi
522 990 622 1054 semel
645 995 833 1054 consecutus
856 991 940 1073 eris,
971 991 1116 1077 reliqua,
1147 1013 1228 1077 quae
1252 976 1414 1078 appellen-⁶

186 1114 238 1172 tur
259 1108 364 1190 bona,
394 1129 528 1192 ,gazae,
552 1108 723 1190 nobilitas,
747 1107 849 1191 gloria
871 1109 984 1192 regni'
1007 1130 1071 1172 non
1093 1109 1202 1193 magni
1225 1114 1299 1172 sunt
1321 1109 1415 1173 sesti·

186 1225 322 1308 manda,
356 1247 428 1289 eum
462 1225 508 1288 nil
543 1226 666 1311 prosint
697 1225 802 1289 animo
826 1247 931 1312 neque
954 1227 1078 1313 corpori
1095 1229 1128 1311 ³).
1173 1226 1296 1292 Eodem
1318 1226 1413 1292 modo

186 1342 344 1429 Epicurus
367 1363 527 1407 summum
549 1343 668 1406 bonum
692 1342 846 1406 definivit.
885 1347 1016 1409 Τούτων
1038 1345 1101 1430 γὰρ
1126 1343 1275 1421 ἀπλανὴς
1297 1348 1414 1431 θεωρία

185 1465 291 1526 πᾶσαν
324 1462 442 1546 αἵρεσιν
472 1466 520 1526 καὶ
552 1462 658 1547 φυγὴν
689 1463 856 1547 ἐπανάγειν
889 1457 973 1526 οίδεν
1004 1463 1052 1526 ἐπὶ
1087 1463 1145 1538 τὴν
1178 1467 1234 1526 τοῦ
1267 1462 1414 1544 σώματος

187 1580 306 1664 ὑγίειαν
341 1583 388 1643 καὶ
423 1580 492 1655 τὴν
513 1587 569 1654 τῆς
603 1582 710 1665 ψυχῆς
745 1576 938 1663 ἆταραξίαν,
973 1581 1036 1644 ἐπεὶ
1058 1584 1153 1644 τοῦτο
1174 1583 1232 1644 τοῦ
1254 1583 1414 1665 μακαρίως

188 1695 245 1771 ζῆν
281 1698 344 1761 ἐστι
378 1695 491 1775 τέλος,
526 1699 640 1761 τούτου
674 1696 737 1782 γὰρ
766 1697 863 1782 χάριν
887 1695 1009 1761 ἅπαντα
1033 1697 1210 1782 πράττομεν
1233 1699 1321 1777 ὅπως
1343 1698 1413 1779 μήτ’

188 1811 337 1896 ἀλγῶμεν
357 1816 432 1894 μήτε
454 1808 624 1897 ταρβῶμεν
650 1831 658 1848 ·
692 1814 768 1876 ὅταν
792 1808 820 1876 δ’
845 1809 930 1885 ἅπαξ
951 1817 1046 1877 τοῦτο
1068 1817 1137 1897 περὶ
1161 1814 1243 1893 ἡμᾶς
1265 1815 1413 1898 γίνηται,

188 1928 294 1994 λύεται
328 1933 390 2009 πᾶς
414 1932 431 1993 ὁ
455 1939 511 2004 τῆς
535 1932 642 2014 ψυχῆς
666 1930 804 2015 χειμών,
838 1929 896 1994 οὐκ
919 1928 1054 2014 ἐ’χοντος
1077 1934 1133 1994 τοῦ
1157 1927 1243 2015 ζῴου
1266 1927 1413 2014 βαδίζειν

189 2048 232 2122 ὡς
266 2044 455 2133 προςενδέου
483 2074 511 2111 τι
543 2052 591 2111 καὶ
626 2046 729 2123 ζητεῖν
761 2048 866 2130 ἕτερον
890 2044 915 2132 ᾦ
945 2047 981 2110 τὸ
1011 2057 1067 2122 τῆς
1090 2049 1199 2133 ψυχῆς
1223 2052 1272 2112 καὶ
1295 2048 1331 2112 τὸ
1354 2054 1411 2113 τοῦ

188 2166 333 2245 σώματος
368 2165 494 2249 ἀγαθὸν
525 2162 828 2249 συμπληρωθήσεται
843 2165 876 2245 4).
922 2161 956 2226 Si
991 2162 1061 2248 quis
1094 2161 1154 2227 hoo
1178 2183 1336 2227 summum
1358 2163 1413 2228 bo·

187 2301 263 2344 num
287 2281 346 2344 sibi
369 2281 512 2366 quaerit,
536 2281 618 2344 bene
642 2287 675 2343 et
689 2281 773 2343 iuste
789 2281 877 2343 vivat
893 2300 1023 2343 neeesse
1040 2285 1097 2343 est.
1122 2278 1207 2366 ‘'Orp
1222 2283 1263 2362 μὴ
1281 2282 1414 2368 ὑπάρχει

188 2397 246 2473 ζῆν
269 2402 430 2483 φρονίμως
454 2402 502 2462 καὶ
527 2397 634 2473 καλῶς
657 2403 704 2463 καὶ
730 2395 876 2474 δικαίως,
900 2397 958 2462 οὒκ
981 2397 1045 2463 ἐ’στι
1067 2405 1183 2462 τοῦτον
1199 2395 1298 2473 ἡδέως
1313 2395 1415 2480 ζῆνὸ).

187 2513 287 2576 Paree
309 2513 398 2576 vivit.
447 2513 558 2594 ,Quod
580 2514 607 2577 si
629 2513 698 2599 quis
721 2534 797 2577 vers
819 2513 919 2577 vitam
942 2513 1065 2578 ratione
1088 2513 1258 2598 gubernet,
1283 2512 1413 2580 divitiae

187 2631 323 2714 grandes
356 2630 478 2694 homini
506 2636 579 2696 sunt
602 2631 712 2695 vivere
734 2652 829 2717 parce
853 2651 955 2718 aequo
978 2631 1104 2696 animo:
1129 2652 1234 2718 neque
1258 2631 1343 2694 enim
1366 2637 1415 2695 est

187 2770 326 2835 unquam
360 2750 494 2834 penuria
516 2749 628 2835 parvi’'
645 2751 677 2833 ὓ).
725 2752 845 2835 Χάρις,
879 2749 1037 2834 Epicurus
1059 2749 1186 2836 inquit,
1221 2754 1260 2836 τῇ
1281 2754 1415 2835 μακαρίᾳ

188 2871 297 2954 φύσει,
329 2871 376 2933 ὅτι
398 2870 435 2933 τὰ
460 2870 614 2954 ἀναγκαῖα
638 2870 783 2944 ἐποίησεν
808 2869 999 2953 εὐπόριστα,
1022 2871 1059 2932 τὰ
1084 2866 1116 2934 δὲ
1140 2866 1334 2951 δυσπόριστα
1358 2868 1416 2933 οὐκ

188 2985 351 3071 ἀναγκαῖα.
398 2991 435 3051 El
468 2984 584 3071 βούλει
614 2985 774 3051 πλούσιόν
796 3014 864 3051 τινα
887 2995 1031 3063 ποιῆσαι,
1068 2987 1109 3068 μὴ
1133 2989 1293 3072 χρήμασιν
1316 3013 1414 3071 προς-

187 3106 283 3179 τίθει,
306 3112 362 3178 τῆς
385 3099 416 3167 δὲ
440 3105 604 3183 ἐπιθυμίας
627 3103 749 3188 ἀφαίρει
768 3101 800 3179 ¹).
838 3101 987 3165 Honores
1011 3107 1043 3164 et
1066 3116 1200 3186 regnum
1223 3123 1288 3166 non
1311 3103 1413 3188 eupit:

192 3218 308 3299 ,satius
342 3219 443 3282 multo
465 3219 529 3281 iam
553 3220 624 3301 (est)
648 3239 760 3304 parere
784 3218 929 3304 quietum
951 3240 1047 3304 quam
1070 3239 1183 3302 regere
1206 3219 1340 3305 imperio
1362 3239 1414 3283 res

188 3337 272 3399 velle
296 3342 328 3399 et
350 3357 450 3420 regna
472 3337 603 3400 tenere'’
621 3334 656 3419 8).
705 3336 883 3422 „Epicurus
906 3337 971 3401 ait:
994 3358 1059 3400 non
1082 3336 1212 3401 accedet
1231 3337 1272 3401 ad
1286 3358 1414 3423 rempu-

188 3453 304 3518 blicam
340 3455 487 3540 sapiens,
521 3455 583 3517 nisi
617 3454 643 3517 si
677 3453 754 3540 quid
787 3455 1016 3518 intervenerit”
1033 3461 1055 3518 ⁰.
1100 3454 1253 3519 Amorem
1288 3455 1414 3542 sapiens

188 3571 319 3655 vitabit,
343 3573 492 3657 quoniam
515 3572 656 3636 animum
680 3572 869 3656 oonturbat,
896 3593 1042 3657 ,unaque
1067 3593 1119 3635 res
1136 3571 1221 3635 ⁸haee
1237 3579 1300 3657 est,
1324 3572 1414 3636 euius
1506 3631 1508 3634 ,

188 3788 382 3795 *—

222 3910 241 3975 ¹)
276 3909 338 3960 III:
359 3910 420 3962 1070
438 3926 506 3975 seqq.

221 4005 242 4068 ²)
275 4005 321 4065 ΙΙ,
341 4009 370 4054 16
387 4021 454 4069 seqq.

221 4100 240 4165 ³)
276 4098 321 4160 ΙΙ,
341 4103 371 4148 23
388 4115 459 4164 seqq.

221 4194 243 4257 ⁴)
276 4195 307 4243 D.
326 4195 489 4256 L.x,128.

221 4290 241 4353 5)
275 4290 305 4340 D.
324 4289 488 4351 L.x,140.

220 4385 240 4449 Ι)
275 4384 310 4446 V,
331 4385 392 4438 1117
409 4401 476 4450 seqq.
511 4384 739 4448 ef.v1,9seqq.
774 4383 820 4444 II,
844 4387 875 4433 20
893 4398 960 4447 seqq.

221 4477 240 4537 ⁷)
275 4476 838 4544 Stob.u10rss.17‚23,24(1,282,Ml.

220 4573 239 4632 8l
273 4572 312 4634 V,
332 4573 393 4625 1127
411 4588 477 4638 seqq.

221 4667 242 4733 Β)
278 4668 363 4718 Senes.
381 4669 411 4717 de
429 4667 485 4718 Otio
503 4667 560 4732 Sap.
579 4671 618 4717 30.
