3196 5160
782 305 842 369 152

206 508 281 572 solis
315 528 418 572 sermo
453 508 503 571 sit.
548 506 729 591 Descriptio
756 505 867 591 procul
897 503 993 568 dubio
1026 525 1091 568 non
1124 509 1173 568 cst
1209 501 1375 569 elaborato.
1397 508 1431 567 et

205 626 355 712 perfecta.
399 625 483 690 Nam
505 646 568 711 qua
589 624 621 687 vi
644 623 723 687 haec
746 645 844 705 saxa,
879 624 1046 704 flammae,
1070 627 1145 686 cett.
1170 622 1351 686 eicerentur
1374 642 1432 686 ex·

205 744 328 829 posuit,
351 743 407 806 sed
429 742 508 806 haec
531 748 658 806 tantum
679 762 753 826 pars
769 747 816 804 est
830 741 928 803 totius
941 739 1165 825 phaenomeni.
1211 741 1315 804 Poeta
1330 740 1433 804 ctiam

204 860 330 925 loeutus
352 865 399 924 est
423 859 461 922 de
484 860 554 924 aliis
576 858 827 944 phaenomenis,
844 878 926 942 quae
942 858 968 920 si
984 857 1197 941 explicasset,
1212 856 1338 921 facilius
1354 856 1435 942 quid

205 978 283 1043 velit
317 978 577 1061 intellegeretur,
611 998 684 1040 cum
718 975 940 1061 phaenomena
972 974 1051 1039 haec
1086 995 1127 1038 ex
1165 975 1297 1058 Epicuri
1320 980 1434 1039 mente

204 1113 317 1158 revera
353 1114 426 1156 cum
463 1093 561 1156 totins
597 1091 708 1155 mundi
746 1091 929 1155 condicione
967 1090 1168 1156 cohaereant.
1213 1091 1308 1155 Dixit
1343 1091 1434 1155 enim

208 1211 443 1292 „flammescere
466 1209 612 1272 caelum:
636 1209 669 1271 id
692 1229 817 1295 quoque
842 1208 926 1271 enim
949 1208 1001 1290 fit,
1032 1214 1064 1271 61
1086 1208 1255 1273 ardescunt
1278 1208 1437 1272 caelestia

204 1325 345 1410 templa,
378 1330 410 1388 et
444 1330 651 1409 tempestates
685 1325 813 1410 pluviae
841 1325 985 1408 graviore
1009 1331 1119 1389 coortu
1142 1331 1233 1408 sunt,
1266 1324 1324 1389 ubi
1348 1325 1435 1390 forte

204 1443 251 1507 ita
283 1463 317 1506 sc
350 1442 526 1505 tetulerunt
560 1442 682 1505 semina
715 1443 889 1527 aquarum”
911 1440 938 1523 ¹).
984 1442 1122 1526 Magnae
1157 1448 1190 1506 et
1220 1441 1435 1507 vehementes

206 1560 387 1645 eruptiones
409 1559 506 1642 vulgo
528 1580 591 1622 non
615 1559 682 1622 sine
705 1560 844 1642 tonitru,
867 1559 1021 1642 fulmine,
1037 1565 1228 1645 tempestate
1244 1566 1319 1624 cett.
1337 1560 1434 1624 fiunt.

205 1677 290 1742 Illud
327 1677 515 1759 „ardescunt
549 1677 699 1740 caelestia
729 1677 870 1761 templa’'
901 1697 965 1740 non
987 1677 1088 1740 solum
1112 1677 1264 1762 exprimit
1285 1678 1435 1742 flammas

208 1816 226 1858 e
259 1794 376 1858 montis
407 1793 550 1857 faucibus
581 1800 785 1878 erumpentes
821 1794 854 1856 in
877 1794 965 1857 caelo
987 1793 1165 1878 refulgere,
1195 1795 1433 1859 verumetiam

208 1913 312 1998 ipsum
345 1912 468 1976 caelum
501 1911 687 1975 fulminibus
718 1911 882 1975 ardescere
906 1917 938 1975 61
961 1911 1051 1997 quasi
1073 1933 1138 1974 una
1160 1933 1232 1976 oum
1255 1917 1343 1976 terra
1365 1933 1433 1977 mo·

207 2029 277 2093 veri
306 2034 339 2092 et
368 2028 500 2092 turbari.
546 2028 633 2112 Ergo
656 2050 728 2092 cum
750 2027 830 2092 haec
854 2028 1004 2092 caelestia
1025 2027 1247 2113 phaenomena
1268 2051 1335 2093 una
1358 2051 1434 2094 cum

205 2144 323 2208 montis
356 2144 522 2229 eruptione
556 2165 655 2207 unum
689 2142 839 2207 horribile
871 2144 1087 2228 spectaculum
1110 2145 1306 2229 praebeant,
1330 2151 1432 2230 pocta

206 2262 351 2344 monuit,
378 2267 433 2343 ,ut
454 2261 667 2325 reminiscaris
691 2281 845 2326 summam
863 2282 969 2324 rerum
985 2282 1054 2325 esse
1069 2262 1257 2346 profundam
1273 2263 1434 2327 strideas

207 2380 332 2444 caelum
355 2379 490 2451 summai
513 2378 610 2442 totius
632 2399 732 2441 unum
755 2399 849 2463 quam
872 2379 912 2440 sit
935 2378 1068 2462 parvula
1090 2400 1182 2463 pars,
1215 2379 1310 2443 homo
1334 2381 1434 2444 terrai

204 2503 301 2582 quota
324 2497 424 2560 totins
446 2495 549 2559 unus’'
565 2494 612 2578 2),
635 2495 785 2580 quoniam
808 2495 854 2558 ita
875 2494 1094 2559 tantummodo
1108 2496 1222 2580 ingens
1237 2502 1270 2560 et
1283 2497 1433 2562 mirabile

203 2612 264 2678 hoc
297 2612 540 2698 phaenomenon
562 2611 708 2695 intellegi
737 2618 862 2697 potest,
897 2612 923 2674 si
947 2611 1060 2675 statuis
1082 2612 1221 2699 undique
1245 2634 1262 2677 6
1284 2613 1374 2678 66616
1399 2621 1433 2678 61

205 2738 290 2796 16116
322 2730 417 2796 huius
449 2732 524 2794 mali
559 2731 680 2795 semina
713 2737 874 2817 tamquam
907 2732 940 2795 in
969 2732 1061 2796 1116116
1083 2734 1243 2797 confluere
1267 2738 1299 2796 et
1322 2734 1433 2798 subito

207 2869 384 2933 erumpere.
408 2885 448 2894 -
472 2848 582 2932 Ipsum
599 2845 783 2910 Lucretium
813 2847 939 2917 Aetnae
965 2849 1082 2912 montis
1106 2833 1310 2935 eruptionem
1326 2850 1433 2934 vidis,

207 2985 241 3029 66
274 2965 460 3030 confirmare
493 2964 580 3028 haud
602 2963 724 3028 ausim:
759 2965 792 3026 in
816 2964 1026 3051 descriptione
1049 2967 1117 3030 eius
1139 2966 1221 3030 nihil
1243 2972 1312 3050 est,
1345 2968 1435 3053 quod

207 3082 240 3146 id
274 3083 441 3147 ostendat:
476 3103 580 3168 neque
614 3083 836 3167 eruptionem,
870 3105 965 3170 quam
988 3105 1035 3148 vs.
1060 3087 1119 3148 641
1146 3106 1232 3171 seqq.
1256 3091 1435 3168 memorat,

209 3219 247 3264 eo
281 3205 447 3284 tempore,
471 3219 533 3284 quo
556 3205 651 3284 poeta
673 3199 822 3274 vivebat,
845 3199 961 3264 factam
985 3221 1053 3264 esse
1076 3206 1208 3265 constat.
1254 3200 1436 3285 Epicurum

209 3316 248 3380 de
280 3316 320 3380 iis
353 3315 449 3379 rebus
484 3315 666 3401 scripsisse,
700 3316 810 3381 videre
838 3317 913 3381 licet
936 3339 953 3381 6
977 3318 1118 3382 Senecae
1140 3324 1205 3382 nat.
1229 3324 1352 3404 quaest.
1376 3319 1436 3402 II,

211 3455 279 3520 cap.
304 3435 355 3497 20.
401 3433 523 3497 Seneca
546 3433 590 3496 ibi
614 3433 653 3497 de
676 3439 779 3498 terrae
803 3435 941 3499 motibus
965 3442 997 3498 61
1020 3436 1090 3500 61116
1114 3435 1268 3500 eiusmodi
1290 3434 1437 3520 phaeno-

209 3551 311 3615 menis
322 3551 447 3614 locutus
460 3600 468 3633 ,
481 3555 648 3637 postquam
660 3553 1004 3636 praestantissimorum
1016 3553 1214 3638 antiquitatis
1229 3552 1437 3638 philosopho-

210 3689 281 3731 rum
305 3667 470 3753 opiniones
492 3669 622 3750 retulit,
654 3669 698 3732 sic
721 3670 847 3754 pergit:
890 3669 1028 3750 ,Omnes
1051 3669 1127 3734 istas
1142 3690 1234 3756 posse
1262 3690 1332 3734 esse
1359 3692 1437 3736 cau·

191 3807 193 3812 ’
210 3807 261 3850 666
284 3785 443 3870 Epicurus
466 3786 511 3848 ait
533 3786 703 3872 pluresque
719 3786 797 3851 alias
812 3791 948 3871 temptat
964 3792 996 3850 61
1012 3787 1106 3869 61166,
1128 3788 1182 3873 qui
1197 3786 1319 3872 aliquid
1333 3809 1437 3852 unum

210 3903 344 3966 existis
367 3923 436 3966 esse
459 3903 696 3967 affirmaverunt
719 3904 870 3988 corripit,
900 3926 972 3968 cum
995 3906 1036 3967 sit
1058 3905 1192 3969 arduum
1215 3905 1254 3968 de
1277 3902 1437 3992 hisquae
1563 3913 1591 3945 ·'·

210 4019 392 4083 coniectura
425 4019 587 4105 sequenda
619 4025 692 4083 sunt
726 4020 846 4106 aliquid
876 4021 956 4085 certi
978 4021 1196 4105 promittere’'.
1240 4020 1313 4085 Hoc
1337 4022 1435 4108 plane

210 4158 283 4201 cum
316 4137 483 4219 omnibus,
518 4158 600 4223 quae
633 4137 671 4200 de
705 4137 836 4222 Epicuri
871 4137 1010 4202 doctrina
1047 4143 1079 4201 et
1112 4137 1218 4201 indole
1241 4138 1333 4202 nobis
1356 4146 1436 4204 nota

1534 4143 1597 4188 B

211 4251 294 4335 sint,
329 4253 516 4336 concinere,
539 4253 705 4317 ostendere
728 4275 791 4317 non
815 4274 893 4338 opus
916 4253 986 4316 erit.
1032 4252 1158 4316 Deinde
1180 4252 1277 4316 refert
1299 4253 1435 4340 Epicuri
1527 4239 1567 4304 Ῐ

246 4525 264 4587 ¹)
299 4524 343 4575 Vs.
362 4527 408 4574 669
425 4540 492 4590 seqq.

243 4617 264 4681 ²)
299 4617 342 4667 Vs.
361 4620 408 4667 649
425 4633 491 4682 seqq.
