3196 5160
774 294 816 358 22

182 517 243 584 que
277 497 509 561 numerandum
532 502 602 561 est:
637 517 702 560 non
736 501 786 561 est
819 496 1041 583 incorporeum
1075 517 1133 582 per
1167 517 1211 579 se,
1241 501 1278 559 ut
1309 495 1411 560 Stoici

182 614 327 698 aiebant,
351 636 425 679 nam
451 620 626 697 ,semotum
649 613 689 677 ab
712 635 819 678 rerum
846 620 936 679 motu
958 613 1147 701 placidaque
1171 614 1298 700 quiete”
1323 613 1410 696 (463)

182 754 276 798 nemo
309 731 343 795 id
376 733 494 796 sentire
529 737 653 817 potest:
688 751 739 794 res
773 737 883 815 gestae
906 731 986 794 item
1008 752 1073 794 non
1097 736 1170 794 sunt
1193 751 1250 816 per
1273 751 1329 812 se,
1354 728 1411 793 sed

184 855 300 915 eventa
333 870 500 935 corporum
533 854 589 914 aut
622 849 763 913 locorum
797 851 895 931 (482).
939 849 1080 934 Tempus
1103 853 1228 912 tautum
1250 847 1340 911 nobis
1362 847 1411 909 in·

184 966 269 1031 dicat
289 971 429 1047 motum,
453 986 514 1052 quo
537 965 746 1050 percipimus,
774 971 987 1050 „transactum
1011 964 1086 1051 quid
1110 965 1150 1028 sit
1171 965 1206 1027 in
1221 984 1317 1046 aevo,
1340 968 1411 1026 tum

184 1103 265 1170 quae
287 1103 339 1147 res
361 1083 479 1165 instet,
503 1081 580 1168 quid
602 1103 695 1167 porro
719 1081 834 1147 deinde
857 1083 1028 1169 sequatur'’
1052 1083 1147 1165 (460).
1183 1081 1316 1146 Praeter
1338 1079 1411 1162 hoe,

184 1200 269 1288 quod
291 1222 386 1265 sensu
407 1200 592 1285 percipitur,
615 1205 759 1284 tempus,
789 1200 851 1263 alia
881 1201 992 1264 statuit
1015 1221 1084 1264 esse
1109 1206 1273 1285 tempora,
1311 1199 1412 1281 ,ratio

185 1341 266 1405 quae
300 1318 454 1404 comperit
488 1317 578 1382 esse”
613 1316 683 1399 (IV.
714 1319 787 1401 794)
821 1339 965 1404 quaeque
996 1319 1097 1383 multa
1124 1323 1268 1404 tempore
1291 1318 1325 1380 in
1347 1337 1413 1380 uno

185 1437 297 1500 latent.
343 1435 441 1499 Plura
473 1441 581 1498 tamen
612 1434 645 1497 in
675 1455 710 1498 re
744 1440 811 1499 tam
834 1436 1012 1519 gravinen
1045 1441 1167 1517 narrat,
1192 1441 1228 1498 ut
1251 1434 1347 1518 vulgo
1370 1432 1414 1498 ab

187 1552 342 1618 eiusmodi
365 1551 610 1636 cogitationibus
633 1551 850 1616 subtilioribus
872 1574 954 1639 quae
977 1553 1018 1617 ad
1040 1552 1206 1639 physicam
1228 1573 1291 1615 non
1315 1550 1415 1637 perti-

187 1675 265 1735 nent
297 1669 444 1733 abstinet.
491 1668 631 1733 Uberius
665 1674 772 1732 autem
806 1669 964 1755 Epicurus
999 1675 1031 1733 et
1064 1668 1254 1755 philosopho
1285 1668 1415 1753 dignius

188 1788 227 1853 de
250 1794 393 1874 tempore
416 1786 586 1869 disseruit,
611 1808 683 1850 eum
705 1791 814 1851 tamen
835 1786 888 1851 hic
912 1787 951 1850 de
974 1787 1117 1852 Lucretii
1141 1787 1284 1851 doctrina
1307 1786 1416 1872 dispu-

187 1911 305 1987 temus,
328 1925 393 1967 nou
416 1908 464 1967 est
487 1903 575 1967 locus
598 1900 678 1967 haee
701 1903 838 1989 amplius
853 1903 1019 1968 tractandi.
1054 1903 1150 1967 Modo
1174 1903 1315 1966 dicamus
1337 1902 1417 1988 Epi-

188 2043 299 2087 eurum
322 2025 450 2105 tempus
473 2020 636 2106 appellare
660 2024 833 2101 σίιαπτωμα
862 2022 1113 2103 συμπτωμάτων,
1138 2022 1359 2106 παρεπόμενον
1383 2022 1420 2096 ἡ·

187 2143 294 2225 με’ραις
316 2167 347 2204 τε
372 2142 420 2204 καὶ
445 2135 515 2213 vobi
540 2142 588 2204 καὶ
613 2139 708 2222 ὥραις
732 2143 781 2203 καὶ
805 2138 920 2204 πάθεσι
943 2143 992 2203 καὶ
1016 2139 1182 2218 ἀπαθείαις
1206 2142 1254 2204 καὶ
1278 2140 1418 2213 κινήσεσι

189 2262 238 2322 καὶ
272 2263 386 2337 μονοῖς
421 2253 503 2337 (DL.
539 2253 581 2316 X.
615 2255 654 2316 73
686 2256 824 2328 κινήσεσι
852 2283 901 2320 και
924 2256 1086 2338 στάσεσιν)
1111 2255 1200 2320 Sext.
1224 2254 1318 2340 Emp.
1342 2254 1416 2318 adv.

188 2371 288 2437 math.
323 2371 366 2434 X.
401 2372 485 2453 219,
521 2369 610 2434 Stob.
645 2369 714 2434 Ecl.
748 2371 775 2434 I.
805 2373 891 2453 252,
926 2378 1021 2458 atque
1044 2372 1085 2436 ab
1108 2392 1147 2436 eo
1171 2371 1358 2436 divisionem
1383 2373 1419 2435 in

190 2491 315 2577 χρόνον
338 2489 493 2564 αἰσθητόν
516 2493 549 2551 et
572 2489 696 2574 χρόνον
720 2485 769 2554 διαὶ
791 2488 896 2575 λόγου
919 2492 1082 2576 θεωρητόν
1105 2489 1185 2572 (DL.
1202 2490 1245 2554 X.
1261 2492 1313 2573 47)
1330 2489 1417 2554 oriri.

234 2605 316 2671 Oum
339 2605 385 2669 ita
409 2603 612 2689 descripserit
639 2605 810 2669 Lucretius
833 2605 910 2692 quid
933 2606 991 2689 sit,
1008 2606 1084 2693 quid
1100 2629 1164 2671 non
1181 2607 1242 2689 sit,
1267 2606 1307 2670 de
1322 2607 1418 2671 modo

190 2744 252 2809 quo
276 2723 340 2786 sint
363 2704 474 2786 omnes
497 2741 548 2785 res
571 2721 638 2785 sive
671 2722 710 2786 de
732 2723 916 2807 particulis,
939 2745 1021 2810 quae
1034 2745 1087 2788 eas
1103 2730 1315 2809 componunt,
1339 2725 1418 2808 agit.

191 2839 331 2924 Corpora
353 2843 428 2902 sunt
446 2837 564 2924 partim
590 2838 782 2924 ,primordia
803 2841 932 2904 rerum”
956 2841 1073 2926 partim
1096 2861 1139 2905 ex
1164 2841 1317 2922 ,concilio
1335 2862 1418 2927 quae

191 2962 338 3022 constant
371 2955 634 3042 principiorum.”
679 2956 772 3021 Haeo
794 2957 968 3042 primordia
991 2958 1091 3023 solida
1121 2958 1184 3022 sint
1207 2980 1340 3044 corpora
1362 2980 1420 3023 ne·

192 3093 280 3138 cesse
314 3077 363 3136 est
382 3071 410 3155 ¹).
455 3071 484 3136 Ε
519 3092 614 3136 sensu
641 3077 763 3137 atomos
785 3093 854 3137 esse
877 3074 1004 3159 probari
1026 3096 1091 3138 non
1112 3079 1236 3160 potest,
1260 3095 1354 3161 quam
1379 3075 1420 3140 ob

191 3212 260 3255 rem
282 3211 300 3255 e
322 3191 456 3274 ratione,
480 3210 562 3276 quae
578 3211 685 3254 rerum
700 3197 847 3255 naturam
864 3193 1106 3278 contemplatur,
1130 3193 1288 3258 auxilium
1308 3200 1421 3279 peten-

193 3308 269 3372 dum
284 3314 342 3372 est.
377 3307 453 3372 Tria
468 3313 667 3392 argumenta,
683 3329 765 3394 quae
780 3331 865 3372 nunc
881 3315 1067 3395 sequuntur,
1084 3310 1196 3375 eodem
1212 3310 1421 3375 fundamento

196 3425 359 3489 nitrmtur:
391 3445 409 3489 e
442 3430 557 3488 natura
590 3425 744 3489 materiae
779 3431 812 3489 et
844 3426 937 3490 vacui
971 3426 1171 3491 concluditur
1201 3433 1322 3492 atomos
1350 3447 1422 3491 esse

196 3611 390 3621 ———-

195 3693 252 3752 τὴν
269 3691 324 3741 τοῦ
342 3689 417 3740 iilos
435 3686 530 3753 prim
546 3687 662 3752 ἔχειν.,
687 3687 745 3738 οὔτε
768 3689 818 3747 τὴν
835 3693 887 3738 τῶν
904 3685 992 3739 ἀϊδίων
1009 3688 1280 3753 παρακολουθούντων
1299 3687 1339 3753 (=
1361 3706 1425 3753 συμ-

194 3787 353 3851 βεβηκότων)
378 3787 413 3838 ών
430 3787 491 3836 ἄνευ
507 3791 578 3850 σῶμα
596 3787 627 3836 οὐ
645 3785 756 3837 δυνατὸν
772 3788 894 3836 νοεῖσθαι.
928 3785 960 3834 In
977 3785 988 3848 l
1006 3785 1034 3838 71
1054 3786 1230 3850 συμπτώματα
1254 3783 1424 3848 praedicatum

194 3883 281 3933 habet:
306 3884 353 3934 οὐκ
378 3883 460 3940 ἀΐδεω
487 3881 668 3946 συμβεβηκότα
693 3886 778 3931 eontra
801 3881 909 3945 appellat
933 3881 1019 3943 ἀΐδια;
1052 3885 1081 3931 ut
1105 3881 1288 3946 συμβεβηκότα
1314 3880 1425 3944 appellat

197 3979 444 4040 παρακολουθοῦντα
470 3975 505 4025 sic
523 3979 733 4039 συμπτώματα..
765 3976 812 4026 οὐκ
836 3974 905 4025 ἀΐδια
930 3977 1181 4038 παρακολουθοῦντα
1210 3977 1269 4041 (71).
1304 3975 1424 4024 Constare

196 4070 274 4135 igitur
289 4071 388 4121 videtur
404 4070 486 4134 ipsum
502 4069 640 4133 Epicurum
655 4068 702 4118 hoe
726 4068 859 4119 discrimen
874 4069 1003 4132 posuisse,
1030 4069 1127 4120 etiamsi
1143 4071 1282 4130 interdum,
1309 4069 1361 4119 sire
1377 4084 1424 4118 ne·

197 4165 329 4230 pigeatis,
360 4165 412 4216 sive
441 4165 506 4230 quod
530 4180 580 4214 non
605 4163 670 4214 inter
694 4181 720 4213 se
737 4170 895 4227 opponuntur
918 4165 1100 4229 συμβεβηκότα
1118 4170 1143 4215 et
1160 4168 1349 4230 συμπτώματα,
1374 4162 1424 4213 hoe

197 4260 303 4310 alterum
323 4260 472 4310 vocabulum
497 4259 584 4309 latiore
601 4275 687 4320 sensu,
705 4264 735 4309 ut
755 4259 791 4309 ita
816 4259 911 4320 dicam,
939 4265 1081 4323 usurpatur,
1100 4265 1129 4310 ut
1156 4261 1166 4324 t
1186 4263 1216 4311 67
1238 4264 1263 4309 et
1286 4259 1296 4323 t
1316 4259 1355 4319 71,
1376 4257 1426 4308 ubi

197 4355 280 4408 omnia
302 4371 402 4421 corpora
423 4359 600 4420 συμπτώματα
622 4356 742 4406 nominat.
777 4355 849 4413 Quod
870 4355 960 4405 Sextus
981 4358 1028 4417 10,
1048 4358 1094 4405 219
1116 4372 1141 4419 ρ.
1160 4356 1206 4407 670
1223 4355 1296 4415 dicit,
1316 4352 1356 4403 his
1371 4369 1426 4405 non

198 4455 327 4515 repugnat.

232 4546 249 4605 1)
284 4545 316 4595 D.
334 4545 363 4595 L.
382 4545 422 4604 X,
439 4547 487 4593 40:
512 4550 563 4596 τῶν
580 4544 704 4608 σωμάτων
721 4546 753 4596 τὰ
769 4543 814 4610 μέν
833 4545 887 4596 ἔστι
904 4548 1047 4612 συγκρίσεις
1065 4549 1097 4598 τὰ
1114 4546 1133 4597 δ’
1147 4546 1173 4602 ἐξ
1190 4546 1226 4596 ὧν
1243 4547 1269 4596 σί
1281 4547 1427 4612 συγκρίσεις

200 4644 370 4702 πεποίηνται,
387 4643 470 4691 ταῦτα
490 4639 509 4688 δ’
528 4640 598 4690 ἐστίν
615 4642 696 4704 ιῖτομα
714 4643 757 4691 καὶ
773 4641 950 4704 ἀμετάβλητα.
