3196 5160
777 294 837 354 149

198 514 235 558 eo
270 494 394 578 cogitur
427 499 463 557 ut
497 495 530 557 in
563 493 623 558 hac
656 499 747 579 parte
782 493 820 557 de
855 493 993 558 nubibus
1023 500 1099 576 agat
1129 496 1189 578 (vs.
1216 496 1421 578 100-107),

197 632 389 696 quamquam
418 617 549 696 postea,
584 633 630 679 vs.
655 615 714 676 451
742 632 846 696 seqq,
868 611 998 674 uberius
1023 611 1199 675 doctrinam
1221 611 1260 675 de
1284 612 1421 676 nubibus

198 729 341 813 exponit.
388 728 491 792 Causa
521 727 615 791 huius
646 727 764 791 ordinis
787 729 972 791 mutationis
993 728 1173 792 accuratius
1196 749 1263 791 rem
1286 749 1421 814 perpen-

198 843 287 907 denti
320 865 383 907 non
416 844 538 907 latebit.
584 843 664 907 Cum
701 843 786 906 enim
821 843 961 906 tonitrua
992 849 1024 906 et
1054 843 1188 907 fulmina
1210 844 1295 908 inter
1316 845 1423 909 omnia

198 960 354 1024 eiusmodi
385 959 605 1044 phaenomena
639 960 811 1045 praecipue
834 959 999 1023 hominum
1023 961 1144 1025 animos
1166 961 1333 1025 formidine
1356 962 1422 1026 affi-

197 1076 284 1139 ciant
317 1081 349 1139 11
384 1076 562 1162 periculosa
595 1076 634 1138 iis
665 1076 745 1157 sint,
776 1082 809 1138 11
842 1075 924 1139 hanc
960 1076 998 1140 ob
1027 1098 1155 1140 causam
1183 1077 1339 1161 imprimis
1362 1078 1422 1141 diis

196 1195 289 1258 iratis
323 1194 524 1275 tribuantur,
559 1199 672 1278 poetae
708 1194 816 1259 visum
846 1199 893 1256 est
928 1213 967 1256 ca
1000 1198 1075 1257 ante
1103 1194 1210 1258 omnia
1232 1194 1422 1279 explicanda

197 1333 289 1394 esse,
312 1318 349 1375 ut
373 1311 458 1375 hunc
482 1312 628 1373 timorem
651 1310 838 1395 expelleret.
883 1310 932 1374 Ea
954 1311 1176 1397 phaenomena
1199 1312 1316 1394 etiam,
1340 1333 1421 1398 quae

197 1428 304 1491 minus
336 1433 412 1512 apta
444 1432 518 1489 sunt
551 1426 591 1489 ad
623 1434 745 1490 metum
769 1425 990 1509 efficiendum,
1024 1427 1141 1491 tacitus
1163 1427 1230 1492 fere
1252 1429 1422 1513 praeterit,
1458 1449 1461 1455 ·

197 1545 259 1608 etsi
293 1545 451 1630 Epicurus
478 1565 595 1607 eorum
624 1545 763 1608 rationes
787 1545 935 1629 exposuit
956 1544 991 1607 in
1014 1545 1149 1629 epistola
1171 1546 1211 1609 ad
1232 1545 1422 1631 Pythoclem

198 1683 325 1748 paragr.
362 1664 541 1725 106-111.
589 1661 724 1742 ,Cetera
746 1681 827 1746 quae
851 1682 944 1724 cursu
967 1667 1114 1725 crescunt
1136 1683 1292 1748 cursuque
1315 1684 1422 1727 crean-

199 1784 272 1860 tur,
308 1784 340 1841 ct
374 1799 454 1864 quae
489 1782 695 1842 concrescunt
724 1776 758 1839 in
780 1776 939 1858 nubibus,
971 1777 1096 1860 omnia,
1127 1798 1272 1862 prorsum
1295 1779 1421 1862 omnia,

198 1897 275 1978 nix,
310 1896 415 1978 venti,
451 1894 592 1978 grando,
626 1894 816 1979 gelidaeque
851 1894 1006 1979 pruinae,
1042 1901 1074 1957 11
1109 1895 1157 1958 vis
1189 1917 1306 1979 magna
1335 1897 1421 1980 geli,
1501 1909 1503 1913 “

196 2034 351 2097 magnum
374 2013 526 2076 duramen
549 2033 723 2097 aquarum,
747 2018 780 2075 et
802 2033 895 2075 mora
916 2033 997 2097 quae
1021 2012 1135 2076 fluvios
1150 2013 1268 2098 passim
1284 2013 1424 2078 refrenat

197 2131 321 2213 euntis,
354 2129 534 2215 perfacilest
567 2135 675 2193 tamen
708 2128 787 2193 haec
820 2129 961 2214 reperire
991 2129 1160 2215 animoque
1183 2130 1292 2194 videre
1316 2131 1423 2195 omnia

198 2269 262 2334 quo
284 2252 379 2333 pacto
402 2247 480 2310 fiant
502 2268 564 2333 qua
585 2267 660 2309 reve
685 2251 853 2325 creentur,
886 2266 959 2309 cum
981 2245 1064 2309 bene
1087 2246 1233 2330 cognoris
1256 2246 1422 2312 elementis

197 2364 324 2428 reddita
354 2386 434 2450 quac
468 2364 550 2427 sint”
573 2362 603 2446 ¹).
651 2362 791 2448 Quisque
825 2363 914 2426 videt
947 2370 1075 2448 poetam
1098 2362 1178 2427 haec
1202 2363 1423 2449 phaenomena

199 2482 391 2567 praeterire,
415 2503 480 2545 non
496 2481 579 2567 quod
607 2486 672 2544 tam
699 2480 804 2544 facilia
825 2480 889 2543 sint
903 2480 944 2545 ad
960 2481 1201 2566 explicandum:
1221 2503 1295 2545 nam
1313 2481 1422 2547 dubito
1482 2526 1485 2531 -

199 2620 277 2662 num
293 2599 347 2685 qui
364 2599 445 2661 bene
458 2599 642 2682 cognoverit
657 2597 842 2678 ,elementis
854 2596 978 2660 reddita
990 2618 1072 2682 quae
1083 2597 1178 2680 sint”,
1193 2598 1227 2661 id
1239 2604 1288 2661 est
1300 2599 1354 2685 qui
1367 2619 1422 2662 ex·

201 2715 337 2799 positam
371 2714 547 2778 doctrinam
581 2714 620 2777 de
652 2713 765 2778 atomis
787 2714 1008 2800 perspexerit,
1044 2735 1081 2779 eo
1104 2714 1168 2778 iam
1191 2716 1298 2780 omnia
1319 2715 1422 2799 hacc,

201 2831 331 2913 nivem,
368 2831 575 2914 grandinem,
598 2835 727 2913 ventor,
750 2836 825 2894 1111.
856 2831 1018 2916 explicare
1047 2831 1168 2916 possit;
1191 2832 1247 2896 sed
1276 2832 1353 2925 quia
1381 2833 1422 2898 ad

196 2948 316 3031 finem,
340 2969 435 3035 quem
450 2953 546 3033 poeta
561 2947 621 3011 sibi
635 2941 868 3034 assequendum
883 2948 1065 3033 proposuit,
1088 2949 1194 3012 minus
1210 2949 1321 3034 gravia
1337 2955 1421 3014 sunt.

242 3066 291 3129 Eo
323 3065 425 3149 magis
455 3059 562 3129 autem
592 3058 744 3129 miramur
776 3071 904 3150 poetam
936 3087 976 3129 ne
999 3066 1134 3130 verbum
1156 3067 1282 3152 quidem
1307 3067 1421 3132 fecisse

189 3181 237 3246 de
262 3182 415 3264 cometis,
445 3181 483 3244 de
506 3181 620 3267 quibus
643 3181 801 3265 Epicurus
824 3181 890 3266 agit
912 3182 947 3245 in
967 3203 1093 3267 paragr.
1120 3185 1177 3245 111
1205 3183 1358 3268 epistolae
1382 3183 1422 3248 ad

185 3297 412 3391 Pythoclem,
443 3321 516 3362 cum
547 3299 632 3363 omni
656 3305 799 3384 tompore
822 3297 901 3364 haec
924 3301 1074 3364 caelestia
1097 3321 1228 3386 corpora
1250 3302 1421 3386 praecipue

184 3417 401 3502 superstiosis
430 3416 548 3479 fuerint
570 3415 760 3500 praenuntia
782 3415 1021 3480 calamitatum:
1044 3415 1101 3480 sed
1123 3437 1202 3501 opus
1225 3437 1289 3479 non
1318 3422 1366 3480 est
1381 3417 1422 3480 ad

184 3552 341 3617 unguem
363 3533 502 3615 factum,
536 3553 594 3595 nec
617 3533 730 3596 ultima
751 3553 864 3595 manus
886 3531 961 3596 huic
984 3532 1063 3596 libro
1087 3533 1236 3615 accessit,
1259 3533 1344 3619 quod
1366 3556 1422 3619 ap-

183 3657 291 3738 paret
321 3671 339 3713 e
368 3672 413 3713 vs.
450 3651 638 3732 608—639,
672 3650 726 3713 ubi
760 3655 855 3734 poeta
889 3650 1051 3735 explicat,
1085 3652 1141 3737 qui
1174 3651 1230 3714 fiat
1251 3656 1288 3714 ut
1309 3672 1420 3736 mare,

188 3789 273 3834 cum
308 3774 415 3831 tantus
448 3768 599 3831 decursus
632 3769 785 3852 aquarum
808 3788 846 3831 eo
870 3767 1005 3850 defluat,
1036 3789 1100 3831 non
1122 3769 1226 3832 maius
1247 3768 1420 3834 reddatur:

188 3883 234 3949 111
258 3906 368 3949 versus
391 3906 453 3970 quc
476 3906 560 3948 nuno
583 3890 656 3947 sunt
679 3884 769 3966 loco,
793 3905 913 3947 nexum
935 3884 1172 3970 interrumpunt
1194 3907 1298 3971 neque
1313 3892 1422 3950 tamen

189 4002 427 4087 inveniesque
450 4002 556 4086 aptius
578 4001 689 4064 referri
711 4001 842 4086 possint.
888 4001 974 4085 Ergo
997 4000 1083 4066 haud
1105 4003 1174 4066 veri
1197 4007 1245 4066 est
1268 4003 1421 4068 dissimile

194 4120 234 4182 111
256 4118 316 4182 hoc
338 4119 419 4182 libro
443 4119 481 4182 de
504 4119 635 4182 cometis
658 4118 757 4181 verba
778 4139 842 4182 non
864 4118 933 4182 fieri
956 4118 1040 4204 quod
1063 4124 1118 4183 aut
1140 4125 1237 4204 poeta
1259 4141 1339 4205 opus
1358 4143 1421 4186 non

197 4235 431 4318 elaboraverit,
455 4241 510 4299 aut
532 4234 611 4299 haec
634 4257 707 4320 pars
729 4235 897 4299 interierit.

245 4353 395 4418 Ceterum
411 4357 511 4417 totam
525 4352 608 4416 hanc
623 4353 797 4416 doctrinam
815 4352 854 4416 de
870 4352 1000 4434 tonitru,
1016 4351 1151 4416 fulmine
1167 4358 1242 4418 1111.
1259 4355 1421 4441 explicare

237 4617 255 4680 Ι)
289 4615 332 4665 rs.
350 4617 470 4667 527-34.
