3196 5160
734 319 796 384 122

150 519 320 584 Lucretius
354 527 520 606 oppugnat
554 520 677 585 Stoicos
711 522 766 607 qui
801 520 957 586 docebant
995 523 1047 604 „in
1076 522 1218 587 madium
1241 544 1382 589 summac

151 638 258 701 omnia
290 639 367 722 niti,
402 645 498 725 atque
532 638 605 702 idco
640 639 750 702 mundi
784 647 932 704 naturam
963 646 1047 704 stare
1076 641 1144 704 sine
1167 642 1242 706 ullis
1263 643 1383 708 ictibus

152 753 293 817 externis
327 775 430 840 neque
461 775 620 841 quoquam
654 775 746 840 posse
777 755 894 818 resolvi
925 777 1049 819 summa
1071 762 1167 842 atque
1189 757 1273 841 ima,
1287 759 1384 845 ‘quod

665 873 683 901 ii
699 872 704 907 Ι

707 921 714 936 .
740 872 821 937 Cum
844 879 953 936 autem
977 874 1107 938 unicum
1131 896 1200 939 esse
1225 876 1385 941 mundum

153 987 187 1051 hi
210 995 360 1074 putarent
393 997 489 1077 atque
511 990 639 1072 finitam
651 991 699 1072 ²),
722 1010 783 1053 non
809 995 884 1075 apte
906 990 1076 1055 Lucretius
1099 991 1138 1055 iis
1160 993 1316 1058 obiecisse
1337 995 1386 1058 vi-

154 1105 246 1169 detur
277 1109 333 1188 (vs.
371 1110 475 1191 1070,
512 1109 565 1191 71)
600 1128 665 1170 non
688 1126 780 1192 possa
803 1107 944 1171 medium
968 1128 1036 1171 esse
1060 1109 1093 1172 in
1117 1109 1254 1191 infinito.
1302 1110 1387 1176 Oum

153 1224 222 1308 ipse
259 1225 407 1311 opinetur
443 1226 601 1289 infinitam
638 1245 707 1288 esse
744 1225 933 1308 materiem,
971 1226 1180 1290 ratiocinatur
1219 1233 1388 1315 tamquam

151 870 185 934 in
208 872 348 936 medium
372 874 435 936 sint
457 874 563 938 omnia
585 873 663 936 nixa

155 1341 270 1405 Stoicis
299 1343 384 1406 idem
414 1343 604 1429 placuisset,
635 1347 790 1428 putatque
813 1341 941 1405 illorum
964 1346 1085 1425 κόσμον
1107 1345 1295 1409 universum
1318 1347 1389 1411 sive

154 1479 331 1541 summam,
355 1459 439 1545 quod
462 1466 577 1542 vocat,
602 1478 681 1522 esse.
706 1458 766 1521 Est
788 1477 865 1542 ergo
887 1457 974 1521 idem
997 1459 1133 1542 vitium,
1156 1461 1190 1524 in
1213 1461 1390 1547 quodiam

154 1582 250 1640 antea
266 1577 462 1640 ostendimus
477 1597 551 1640 eum
567 1577 695 1661 saepius
710 1575 877 1656 incidisse,
900 1595 1016 1660 nempe
1033 1576 1117 1662 quod
1133 1598 1151 1640 e
1168 1599 1225 1641 sua
1240 1577 1392 1644 doctrina

155 1693 352 1757 adversarios
382 1695 499 1758 refellit
531 1715 632 1781 eoque
655 1695 785 1758 fallitur.
831 1693 1004 1757 Praeterea
1026 1699 1135 1758 monet
1158 1716 1296 1772 vacuum
1319 1697 1392 1760 sive

156 1812 293 1896 spatium
316 1833 378 1875 non
402 1818 513 1897 aptum
535 1832 625 1894 esse,
660 1811 745 1897 quod
768 1832 899 1896 corpora
922 1811 1080 1894 retineat,
1115 1833 1191 1876 nam
1217 1812 1329 1894 „locus
1353 1836 1393 1879 ac

157 1929 315 2013 spatium,
350 1930 434 2015 quod
456 1930 551 1993 inane
573 1950 743 2012 vocamus,
777 1948 834 2013 per
866 1927 1026 2011 medium,
1057 1948 1115 2014 per
1137 1951 1199 1993 non
1221 1931 1393 2015 medium,

157 2046 330 2111 concedere
355 2047 450 2111 debet
472 2068 574 2133 aeque
596 2046 810 2132 ponderibus,
844 2052 951 2109 motus
974 2066 1037 2131 qua
1060 2067 1195 2132 cumque
1219 2048 1393 2132 feruntur,

156 2185 216 2229 nec
231 2166 397 2251 quisquam
412 2165 501 2229 locus
516 2171 581 2247 est,
598 2186 659 2250 quo
676 2184 808 2248 corpora
825 2184 897 2226 cum
913 2170 1091 2246 venerunt,
1107 2164 1257 2249 ponderis
1271 2166 1394 2231 amissa

156 2283 188 2346 vi
211 2283 333 2367 possint
357 2288 439 2346 stare
462 2283 496 2346 in
518 2282 624 2345 inani:
647 2303 707 2345 nec
730 2281 815 2367 qnod
837 2281 931 2344 inane
948 2286 1057 2344 autem
1072 2287 1121 2344 est
1138 2282 1195 2345 ulli
1213 2282 1392 2347 subsistere

157 2400 270 2482 debet,
295 2401 391 2486 quin,
431 2422 488 2464 sna
510 2399 596 2485 quod
618 2405 732 2463 natura
755 2399 858 2484 petit,
883 2398 1057 2462 concedere
1080 2399 1214 2485 pergat'’
1239 2400 1277 2480 (Ι.
1304 2402 1389 2465 1074

157 2518 265 2604 seqq).
311 2518 383 2582 Hoc
416 2517 502 2580 idem
537 2517 695 2602 Epicurus
730 2516 839 2579 docet:
874 2521 1093 2601 παρεχομένου
1128 2523 1185 2581 τοῦ
1214 2523 1306 2583 κενοῦ
1329 2512 1388 2594 τὴν

156 2635 233 2711 εἶξιν
249 2638 274 2719 ³)
300 2641 412 2717 ὁμοίαν
436 2641 484 2701 καὶ
508 2641 547 2722 τῇ
570 2637 747 2721 κουφοτάτῃ
770 2639 818 2700 καὶ
841 2637 881 2720 τῇ
902 2630 1069 2720 βαρυτάτῃ
1091 2639 1155 2699 τῶν
1179 2633 1330 2714 ἀτόμων,
1355 2640 1388 2699 el

156 2758 287 2836 postca:
322 2753 341 2829 ἥ
372 2781 403 2817 τε
431 2753 493 2838 γὰρ
517 2757 573 2815 τοῦ
598 2756 688 2815 κενοῦ
713 2753 809 2836 φύσις
832 2796 964 2812 ......
988 2750 1046 2825 τὴν
1069 2750 1224 2834 ὑπέρεισιν
1247 2751 1314 2836 οὐχ
1336 2752 1388 2817 ol'c

156 2866 182 2932 τ’
198 2868 277 2933 οὖσα
313 2873 471 2934 ποιεῖσθαι
487 2866 523 2951 4).
569 2866 717 2953 Denique
752 2866 813 2929 sibi
847 2871 992 2929 constare
1025 2885 1089 2928 non
1118 2871 1252 2950 possunt
1286 2865 1389 2931 Stoici

161 2983 329 3070 „quoniam
362 3006 426 3048 non
458 2983 565 3048 omnia
598 3004 731 3068 corpora
763 2982 889 3066 fingunt
921 2982 956 3045 in
977 2980 1119 3045 medium
1142 2981 1242 3065 niti’';
1273 2983 1390 3066 negari

157 3103 243 3166 enim
266 3124 329 3166 non
352 3109 458 3189 potest
480 3103 597 3167 multas
619 3123 691 3184 res,
723 3107 759 3164 ut
781 3107 859 3186 puta
881 3120 975 3163 auras
997 3100 1085 3163 leves
1108 3098 1316 3185 flammasque
1351 3121 1391 3182 „a

157 3219 261 3283 medio
286 3220 425 3284 differri’'
442 3218 476 3297 5).
523 3220 556 3284 Si
579 3220 706 3282 illorum
729 3239 805 3281 vera
827 3222 911 3280 esset
927 3216 1087 3299 doctrina,
1110 3215 1265 3279 mundum
1281 3221 1390 3281 totum

157 3338 282 3401 infinito
316 3356 417 3402 vacuo
453 3358 522 3401 esse
546 3336 796 3417 circumdatum,
827 3334 967 3416 „volucri
989 3334 1054 3397 ritu
1076 3335 1276 3398 flammarum
1298 3355 1391 3399 moc-

157 3457 212 3520 nia
240 3456 352 3520 mundi
382 3455 574 3539 diffugerent
597 3453 701 3517 subito
724 3472 877 3535 magnum
899 3472 958 3537 per
979 3451 1074 3515 inane
1098 3452 1200 3515 soluta
1223 3458 1255 3515 et
1278 3459 1393 3516 cetera

158 3575 315 3640 consimili
341 3574 464 3639 ratione
488 3571 728 3659 sequerentur”‚
767 3591 859 3652 „narn
883 3590 1104 3656 quacumque
1127 3569 1216 3654 prius
1239 3568 1279 3632 de
1302 3571 1392 3655 parti

159 3834 366 3841 ——-.

192 3989 211 4052 ¹)
247 3987 285 4036 Of.
304 3986 372 4036 Stob.
391 3985 435 4034 ecl.
455 3985 485 4045 Ι,
505 3986 552 4044 19,
571 3988 602 4032 4:
623 3983 711 4034 πάντα
730 3985 762 4034 τὰ
778 3983 841 4046 μέρη
860 3986 904 4033 τοῦ
923 3981 1019 4047 κόσμου
1036 3983 1077 4032 tat
1095 3986 1124 4034 τὸ
1141 3982 1219 4045 μέσον
1231 3984 1275 4034 τοῦ
1289 3983 1391 4049 ιιόσμου

161 4085 208 4143 τὴν
225 4085 307 4147 φορὰν
324 4082 391 4146 ἔχειν
407 4079 501 4129 Zenoni
517 4077 619 4141 placuit.

192 4179 212 4240 ²)
249 4180 279 4228 i).
297 4180 326 4229 L.
344 4178 413 4228 VII:
439 4180 501 4225 140:
533 4175 578 4224 ἕνα
596 4180 642 4228 τὸν
659 4178 752 4238 κόσμον
769 4178 832 4224 εἶναι
849 4177 891 4224 καὶ
908 4178 1001 4225 τοῦτον
1018 4177 1210 4237 πεπερασμένον
1294 4173 1394 4232 ἔξωθεν

161 4272 184 4321 di
204 4275 283 4322 αὐτοῦ
301 4272 498 4336 περικεχυμένον
515 4274 577 4321 εἶναι
595 4274 624 4321 τό
642 4274 715 4320 κενόν
733 4272 840 4333 ἄπειρον
853 4305 858 4316 .
871 4309 892 4319 ,.
907 4306 931 4318 ..

195 4369 215 4434 3)
252 4368 292 4416 Ita
308 4366 358 4430 legi
375 4367 461 4416 debere
478 4382 522 4430 pro
538 4369 589 4423 ἴξιν
605 4365 713 4416 ostendit
729 4366 781 4414 cod.
798 4364 867 4414 Lcid.
886 4364 930 4429 qui
945 4368 954 4414 t
969 4367 1009 4422 ξιν
1026 4380 1082 4413 cum
1099 4363 1189 4427 spiritu
1204 4361 1255 4412 leni
1271 4365 1393 4415 etunius

159 4463 256 4512 litterae
274 4462 354 4525 spatio
370 4461 456 4511 relicto
473 4461 555 4511 habet.

192 4560 212 4624 4)
249 4559 280 4608 D.
299 4559 328 4608 L.
346 4557 379 4606 X.
397 4561 428 4606 43
445 4563 471 4607 et
487 4562 536 4606 44:
554 4566 600 4621 pro
617 4563 663 4611 τὸν
680 4557 760 4607 αἰῶνα
778 4555 897 4607 substitui
914 4562 966 4608 τῶν
983 4557 1093 4620 ἀτόμων.

192 4655 212 4722 ⁵)
248 4653 269 4703 I.
291 4655 351 4701 1083
371 4668 437 4717 seqq.
