3196 5160
764 286 825 349 174
884 318 887 325 ·

181 513 243 578 quo
275 512 369 576 mage
403 490 541 576 plurima
563 490 735 572 habemus,
759 495 825 553 tam
848 490 950 573 magis
973 489 1109 554 ardescit
1133 490 1201 554 dira
1224 489 1403 576 cuppedine

181 609 313 696 pectus'’
334 611 365 692 ¹).
412 608 497 672 Scite
531 608 565 672 id
599 608 741 694 explicat
774 613 889 693 poeta:
931 628 1023 688 „nam
1062 607 1150 671 cibus
1185 613 1282 692 atque
1316 629 1404 671 umor

181 726 333 791 membris
364 724 541 790 adsumitur
563 726 670 808 intus3
704 746 785 810 quae
809 724 959 810 quoniam
982 730 1084 788 certas
1107 731 1240 809 possunt
1262 724 1404 789 obsidere

182 844 303 929 partis,
332 842 393 907 hoo
415 842 507 907 facile
531 843 680 928 expletur
702 842 833 905 laticum
856 841 1047 927 frugumque
1071 842 1206 926 cupido:
1242 863 1286 906 ex
1308 841 1405 906 homi·

183 961 233 1024 nis
266 980 342 1024 vero
375 959 456 1024 facie
485 959 682 1046 pulchroque
712 959 817 1023 colore
840 958 886 1020 nil
910 958 1058 1022 daturin
1082 980 1194 1044 corpus
1217 966 1346 1044 praeter
1369 959 1404 1022 si·

183 1076 324 1141 mulacra
354 1075 523 1138 fruendum
554 1075 684 1157 tenuia;
718 1095 800 1160 quae
832 1079 973 1137 mentem
1008 1095 1079 1159 spes
1102 1081 1208 1160 raptat
1232 1095 1329 1161 saepe
1351 1077 1405 1139 mi·

184 1193 295 1257 sella'’.
342 1191 407 1257 Sed
437 1213 629 1278 quamquam
652 1193 767 1256 amoris
790 1192 875 1256 mala
897 1198 930 1255 et
953 1213 1047 1256 curae
1070 1198 1144 1256 sunt
1166 1192 1340 1277 fugienda,
1364 1200 1406 1258 ta

184 1332 259 1374 men
285 1310 441 1392 „Veneris
463 1310 568 1373 fructu
592 1311 681 1393 (non)
706 1317 792 1374 caret
814 1310 841 1372 is
864 1309 917 1395 qui
939 1310 1020 1373 vitat
1043 1331 1201 1392 amorem,
1224 1310 1282 1374 sed
1304 1312 1406 1396 potius

184 1449 265 1513 quae
300 1434 373 1491 sunt
407 1428 475 1490 sine
509 1447 613 1512 poena
646 1426 811 1491 commoda
834 1427 951 1509 sumit,
985 1448 1059 1490 nam
1082 1433 1168 1490 certe
1192 1433 1302 1513 purast
1326 1428 1407 1492 sanis

184 1545 287 1629 magis
319 1544 394 1608 inde
428 1544 574 1629 voluptas
608 1566 704 1630 quam
726 1543 871 1607 miseris'’
889 1544 925 1626 2).
969 1544 1073 1608 Multa
1095 1544 1234 1629 Epicuro
1259 1551 1335 1609 611111
1358 1545 1407 1609 ob-

183 1663 268 1727 iecta
289 1670 420 1750 propter
441 1663 605 1726 lasciviam
629 1668 661 1726 ct
684 1662 853 1726 dissolutos
875 1682 994 1744 mores,
1019 1684 1097 1748 quos
1112 1663 1263 1747 probasse
1278 1663 1407 1728 dicitur:

185 1802 228 1845 en
251 1781 352 1845 altera
378 1786 469 1867 parte
492 1780 625 1865 Epicuri
647 1780 746 1844 verba
761 1779 895 1865 proferri
911 1786 1064 1865 possunt,
1088 1801 1168 1866 quae
1185 1802 1344 1844 summam
1358 1781 1409 1846 ab

185 1899 369 1963 stinentiam
392 1897 613 1962 commendare
636 1897 786 1961 videntur
806 1895 839 1981 ³).
884 1897 959 1960 Non
981 1903 1089 1961 tamen
1105 1897 1235 1980 dubito,
1252 1899 1332 1984 quin
1348 1899 1408 1963 Lu·

185 2016 303 2080 cretius
333 2015 452 2101 optime
484 2015 628 2099 magistri
663 2015 845 2099 opinionem
874 2014 1066 2096 reddiderit,
1102 2015 1154 2078 oui
1176 2016 1319 2099 placuit:
1356 2017 1410 2082 οὐκ

185 2135 415 2219 ἐρασθήσεσθαι
437 2133 494 2197 τὸν
517 2133 621 2217 σοφόν
636 2129 676 2214 4),
700 2131 760 2194 elsi
775 2136 888 2216 poetae
904 2124 1017 2213 ardor,
1040 2151 1113 2194 eum
1129 2152 1171 2195 ex
1186 2132 1300 2196 intimo
1317 2132 1410 2197 eorde

184 2249 353 2336 loquatur,
377 2249 472 2333 longe
496 2248 628 2334 Epicuri
651 2249 851 2312 ieiunitatem
874 2255 1012 2334 superat.

228 2366 281 2430 111
303 2365 415 2430 eodem
441 2365 480 2429 de
495 2365 558 2430 fine
573 2365 729 2430 bonorum
745 2367 923 2452 principio,
950 2387 1030 2452 „quo
1046 2366 1207 2430 tendimus
1222 2372 1356 2432 omnes'’
1370 2369 1412 2450 ³),

186 2485 246 2548 etsi
280 2485 400 2548 alienas
430 2504 525 2569 saepe
559 2483 619 2547 init
654 2484 721 2548 vias
755 2485 890 2568 vulgus,
925 2485 1080 2570 explicari
1115 2485 1211 2549 debet
1245 2485 1359 2569 legum
1382 2491 1413 2550 et

184 2601 351 2666 civitatum
375 2601 472 2685 origo.
519 2601 600 2666 Cum
624 2601 743 2664 erudiri
766 2606 939 2687 coeperunt
960 2601 1127 2684 hominer,
1161 2608 1269 2666 narrat
1292 2603 1414 2667 Lucre·

185 2719 270 2802 tius,
296 2738 412 2803 „pecus
435 2724 531 2804 atque
554 2738 647 2802 agros
671 2718 806 2782 divisere
830 2725 925 2805 atque
950 2718 1066 2783 dedere
1088 2741 1145 2805 pro
1161 2720 1241 2784 facie
1258 2721 1416 2807 cuiusque

186 2842 219 2901 61
240 2837 361 2901 viribus
383 2838 597 2923 ingenioque’'
611 2837 646 2920 ὓ).
686 2837 750 2918 „At
773 2837 874 2901 616166
896 2837 1042 2901 homines
1064 2838 1234 2902 1616611111
1257 2860 1291 2903 66
1316 2846 1416 2926 616116

185 2961 353 3041 potentes,
377 2961 413 3019 ut
435 2955 642 3019 fundamento
666 2955 773 3019 stabili
795 2955 921 3020 fortuna
943 2961 1087 3020 maneret
1109 2961 1142 3018 et
1164 2956 1324 3040 placidam
1343 2979 1416 3042 pos·

186 3076 258 3134 sent
287 3071 431 3156 opulenti
462 3071 578 3155 degere
601 3071 719 3154 vitam,
754 3091 795 3134 ne
818 3071 986 3157 quiquam,
1015 3072 1164 3157 quoniam
1187 3071 1227 3136 ad
1251 3093 1414 3136 summum

186 3188 356 3253 succedere
386 3187 544 3252 honorem
563 3194 723 3253 certantes
745 3189 807 3252 iter
829 3189 980 3253 infestum
1002 3189 1106 3254 fecere
1131 3189 1215 3271 viai,
1248 3196 1279 3254 et
1304 3195 1415 3254 tamen

187 3327 205 3370 e
228 3327 373 3388 summo,
397 3305 487 3392 quasi
510 3305 648 3388 fulmen,
674 3305 770 3370 deicit
792 3305 872 3370 ictos
892 3306 1013 3369 invidia
1027 3306 1188 3370 interdum
1203 3308 1414 3393 contemptim

185 3421 218 3486 in
252 3422 386 3486 Tartara
421 3422 544 3486 taetra''
564 3423 596 3504 7).
642 3421 775 3486 Nobiles
807 3428 839 3485 et
873 3443 966 3506 reges
1000 3423 1096 3487 occisi
1130 3429 1204 3486 sunt
1228 3429 1260 3486 et
1283 3424 1415 3490 turbata

185 3537 310 3602 iacebat
344 3543 411 3602 1616
444 3537 634 3623 respublica.
679 3537 759 3603 Inde
790 3545 921 3602 exortus
955 3546 1003 3603 est
1033 3561 1134 3603 novus
1157 3561 1264 3604 rerum
1288 3547 1412 3606 status:

190 3647 429 3739 „magistratum
452 3656 568 3741 partim
591 3655 727 3720 docuere
750 3678 875 3740 creare,
899 3658 1030 3744 iuraque
1053 3659 1263 3741 constituere,
1286 3665 1324 3722 ut
1347 3660 1413 3724 vel-

189 3853 385 3863 μ...-

220 3964 238 4028 ¹)
273 3963 330 4026 Iv,
350 3965 419 4012 1666.

219 4060 240 4124 ²)
274 4058 328 4120 IV,
349 4059 418 4112 1073.

219 4152 241 4218 ³)
276 4152 344 4206 Stob.
363 4151 448 4203 Floril.
465 4168 490 4216 p.
509 4155 563 4203 282.
582 4154 735 4218 Ἐπίκουρσς
752 4155 887 4220 ἐρωτηθεὶς
904 4155 967 4207 πότε
985 4155 1020 4205 δεῖ
1037 4157 1201 4222 προςομιλεῖν
1217 4159 1333 4222 γυναικί,
1349 4158 1406 4224 ἔφη,

187 4249 252 4300 ὅταν
269 4253 366 4301 σαυτὸν
383 4249 566 4313 ἀσθενέστερον
584 4251 662 4315 θέλῃς
679 4250 803 4314 γενέσθαι.

220 4342 238 4403 ⁴)
272 4343 305 4392 D.
323 4343 412 4404 L.X,
433 4347 486 4394 118.

221 4437 241 4500 ⁶)
275 4436 328 4498 VI,
346 4440 385 4486 26.

221 4533 241 4598 6)
276 4533 315 4594 V,
335 4537 396 4583 1110
414 4548 480 4599 seqq.

221 4627 240 4687 ⁷)
274 4627 313 4688 V,
334 4629 395 4675 1120
413 4641 480 4691 seqq.
