3196 5160
767 289 827 351 169

184 493 330 578 magistri
354 515 424 558 esse
447 492 665 574 intellexeris,
690 512 754 554 non
776 490 912 576 amplius
934 489 1069 575 negabis
1084 489 1272 554 Lucretium
1288 488 1411 573 reliqua

185 633 310 697 quoque
333 612 373 676 ab
389 633 426 675 eo
442 611 634 695 sumpsisse,
658 631 850 695 quamquam
861 609 993 673 fortasse
1009 632 1055 673 vs.
1072 612 1110 673 75
1124 629 1210 695 seqq.
1222 607 1278 672 ubi
1290 605 1411 670 invidia

185 734 219 793 et
241 751 321 815 quae
346 750 388 792 ex
411 750 449 793 11
471 733 647 813 sequuntur
670 728 766 809 vitia,
790 728 900 790 mortis
915 727 1022 790 timori
1036 727 1241 808 tribuuntur,
1258 724 1410 809 excipies,

185 867 257 909 cum
279 852 394 931 poetae
417 846 558 909 animum
582 845 731 909 acerbum
754 865 855 930 eoque
877 849 1127 927 exaggerantem
1143 841 1321 907 ostendant.

228 963 301 1026 Hoc
335 963 463 1027 demum
493 969 582 1026 metu
613 963 741 1046 dempto
765 983 783 1025 e
807 962 947 1025 tenebris
971 960 1091 1024 clarum
1115 960 1280 1024 extollitur
1301 958 1410 1021 lumen

185 1085 219 1144 11
251 1079 415 1144 commoda
445 1080 530 1143 vitae
561 1080 777 1161 illustrantur,
812 1079 868 1143 sed
892 1101 964 1143 cum
986 1079 1168 1162 ignorantia
1189 1076 1284 1140 huius
1306 1081 1411 1138 metus

185 1197 227 1259 sit
254 1218 365 1278 causa,
392 1202 571 1277 „necessest
593 1217 657 1259 non
679 1195 760 1259 radii
784 1196 859 1259 solis
881 1216 985 1281 neque
1008 1193 1114 1258 lucida
1136 1194 1202 1258 tela
1226 1192 1287 1256 diei
1312 1195 1409 1272 (eum)

185 1312 375 1396 discutiant,
400 1313 456 1376 sed
478 1319 612 1377 naturae
636 1313 759 1400 species
779 1313 943 1399 ratioque”
963 1319 1008 1395 ¹),
1032 1312 1085 1376 vel
1100 1318 1136 1375 ut
1147 1311 1219 1396 ,ipse
1234 1310 1410 1395 Epicurus:

184 1433 242 1497 οὐκ
274 1436 313 1508 ἦν
348 1432 421 1497 ἄνευ
458 1431 671 1517 φυσιολογίας
704 1433 867 1516 ἀκεραίους
890 1432 948 1506 τὰς
972 1428 1093 1506 ἡδονὰς
1117 1427 1361 1513 ἀπολαμβάνειν
1376 1423 1409 1509 2).

184 1547 342 1633 Exposita
373 1549 406 1611 in
439 1548 521 1611 libro
545 1548 640 1610 tertio
665 1547 704 1610 de
727 1547 826 1610 animi
850 1552 964 1610 natura
988 1547 1131 1611 doctrina
1153 1552 1186 1610 et
1208 1544 1411 1609 conclusione

184 1665 288 1751 posita
313 1666 422 1747 ,nobis
445 1666 490 1728 nil
514 1686 583 1728 esse
607 1665 639 1726 in
662 1664 1010 1747 morte,timendum’⁷,
1034 1663 1109 1727 inde
1132 1685 1152 1727 1
1174 1685 1220 1726 vs.
1237 1664 1300 1726 870
1315 1667 1411 1747 poeta
1508 1734 1517 1751 ο

184 1804 308 1847 summa
329 1804 401 1847 cum
424 1788 492 1846 1111
515 1782 603 1845 illam
626 1781 862 1845 conclusionem
885 1780 1039 1863 adhibet,
1064 1787 1100 1844 ut
1116 1801 1226 1844 eorum
1242 1779 1411 1844 stultitiam

183 1900 365 1984 vituperet,
397 1900 452 1986 qui
485 1906 557 1984 post
588 1906 723 1963 mortem
756 1920 789 1963 se
810 1899 950 1962 victuros
973 1899 1056 1980 rati,
1087 1899 1188 1962 vitam
1210 1897 1410 1961 lamentatio-

183 2017 277 2081 nibus
311 2024 367 2081 aut
397 2017 574 2082 immodicis
608 2017 827 2102 voluptatibus
861 2016 1066 2100 indulgentes
1090 2015 1220 2100 degunt.
1265 2015 1411 2079 Primum

183 2144 257 2201 sunt
288 2138 342 2224 qui
365 2138 495 2202 credere
519 2159 552 2201 11
576 2137 683 2202 dicant
705 2137 829 2200 nullum
853 2130 981 2200 sensum
1004 2136 1037 2198 in
1060 2140 1162 2198 morte
1186 2134 1246 2199 sibi
1268 2133 1411 2197 futurum

184 2261 218 2320 et
247 2261 355 2319 tamen
389 2261 563 2342 querantur
589 2261 679 2340 ,post
701 2260 836 2318 mortem
859 2253 926 2317 fore
949 2259 984 2317 ut
1008 2258 1064 2317 aut
1086 2257 1256 2338 putescant
1279 2271 1411 2337 corpore

183 2377 275 2458 posto
314 2377 369 2436 aut
406 2372 541 2435 flammis
578 2370 740 2434 interfiant
770 2370 904 2433 malisve
936 2370 1096 2433 ferarum”
1114 2368 1156 2452 3);
1191 2368 1225 2432 hi
1247 2389 1312 2432 non
1335 2367 1411 2432 dant

184 2488 269 2575 quod
303 2489 511 2574 promittunt,
546 2488 607 2552 sibi
633 2480 702 2551 non*
721 2494 889 2570 constant,
924 2508 997 2552 cum
1020 2487 1156 2550 timeant
1178 2507 1219 2550 ne
1242 2485 1319 2572 quid
1342 2506 1412 2549 sen-

184 2606 266 2670 tiant
299 2613 371 2692 post
404 2613 559 2689 mortem,
595 2607 655 2670 etsi
685 2607 745 2692 ipsi
773 2605 908 2670 confessi
940 2606 1008 2669 sint
1030 2625 1064 2668 se
1087 2610 1156 2668 tum
1179 2603 1411 2667 nihilomnino

184 2724 303 2788 sentire
329 2745 432 2809 posse.
478 2724 561 2787 Item
584 2724 764 2809 Epicurus:
789 2724 886 2789 ccccv
910 2725 972 2808 γάρ
999 2725 1082 2788 ἐστιν
1105 2725 1138 2788 ἐν
1161 2727 1205 2808 τῷ
1227 2721 1286 2797 Ζῆν
1310 2719 1412 2787 δεινὸν

183 2847 229 2927 τῷ
251 2840 447 2926 κατειληφότι
481 2845 667 2927 γνησίως
701 2843 738 2905 τὸ
771 2838 868 2924 μηδὲν
902 2839 1057 2926 ὑπάρχειν
1088 2843 1120 2906 ἐν
1142 2844 1186 2926 τῷ
1207 2840 1249 2922 μὴ
1273 2838 1332 2916 ζῆν
1354 2835 1411 2905 δει-

186 2960 245 3024 νόν
261 2963 297 3040 4).
343 2960 407 3024 Τὸν
432 2960 535 3043 σοφὸν
559 2960 596 3023 οὗ
621 2957 776 3024 δοκεῖ...
799 2967 900 3043 ταφῆς
924 2966 1085 3044 φροντιεῖν
1100 2959 1136 3040 ⁵).

228 3075 354 3140 Deinde
388 3082 462 3139 sunt
496 3076 551 3162 qui
584 3097 649 3139 non
684 3075 807 3140 dolores
840 3082 911 3162 post
934 3096 1119 3161 supremum
1141 3074 1226 3140 diem
1248 3080 1412 3158 metuant,

186 3193 242 3257 sed
268 3194 384 3280 quibus
408 3215 441 3257 se
464 3200 605 3258 mortuos
629 3195 775 3258 omnibus
797 3195 883 3259 vitae
906 3195 1032 3280 gaudiis
1055 3215 1164 3259 carere
1188 3194 1302 3258 doleat.
1348 3193 1413 3257 Ne·

185 3331 246 3396 que
281 3316 388 3373 tamen
422 3310 482 3374 hoc
512 3311 546 3374 in
580 3311 693 3376 intimo
725 3311 864 3376 humano
899 3312 993 3377 corde
1024 3313 1115 3398 quasi
1136 3312 1282 3375 innatum
1305 3309 1413 3395 gaudii

186 3428 377 3492 desiderium
400 3435 514 3514 poetae
538 3451 640 3517 aequa
663 3436 711 3495 est
734 3436 766 3494 et
789 3431 874 3495 iusta
896 3432 1008 3495 mortis
1030 3431 1153 3495 timoris
1169 3452 1281 3513 causa,
1305 3449 1413 3515 quam·

186 3567 281 3631 quam
314 3567 379 3609 non
409 3546 570 3632 vituperat
605 3547 661 3611 sed
691 3548 797 3633 potius
828 3549 1008 3612 consolatur
1038 3569 1129 3631 eum,
1160 3528 1214 3632 qui
1237 3546 1283 3610 111
1305 3545 1411 3609 sentit.

185 3779 331 3827 contendere
356 3777 436 3827 ausim
458 3777 576 3828 Senecam
592 3795 634 3829 eas
649 3780 770 3846 imagines
786 3797 818 3830 ex
834 3780 937 3844 Epicuri
953 3780 1051 3845 scriptis
1066 3779 1187 3832 hausisse.
1222 3778 1412 3830 Animadverta-

185 3888 241 3921 mus
265 3875 390 3935 practerea
408 3873 523 3922 Senecam
541 3872 605 3923 illud
622 3878 728 3936 eripitur
740 3893 843 3937 persona
858 3883 937 3924 monet
953 3893 1005 3937 res,
1030 3892 1087 3926 cum
1102 3877 1225 3937 1111111111
1241 3880 1338 3923 mortem
1353 3888 1411 3937 cog·

184 3983 314 4017 noscamus
335 3972 360 4017 et
384 3967 449 4017 nihil
471 3984 524 4019 esse
546 3968 573 4018 in
599 3985 628 4019 ea
651 3970 761 4020 terribile
783 3971 831 4020 nisi
847 3970 930 4035 ipsum
946 3970 1062 4022 timorem
1078 3976 1213 4035 putemus,
1236 3969 1263 4019 id
1278 3968 1410 4030 adhibeat,

185 4060 326 4110 accuratius
349 4061 475 4124 scripsisse
501 4079 575 4127 quam
593 4063 752 4125 Lucretium,
771 4082 827 4114 cum
844 4066 874 4114 de
891 4081 949 4116 vero
965 4067 1069 4115 bominis
1085 4069 1152 4115 statu
1171 4065 1289 4115 adversus
1308 4066 1413 4114 mortem
1452 4084 1454 4088 ·

184 4155 206 4206 is
223 4155 354 4220 loquatur;
372 4157 456 4222 itaque
473 4157 556 4208 minus
572 4157 637 4208 iuste
654 4176 706 4208 rem
722 4176 820 4210 manere
837 4160 904 4210 dicit.

218 4251 238 4315 ¹)
274 4251 331 4311 III,
353 4255 364 4299 l
383 4268 468 4317 seqq,
486 4255 516 4301 91
535 4269 602 4318 seqq.

217 4343 238 4404 ²)
273 4344 305 4394 D.
325 4345 412 4405 LX,
432 4348 486 4396 143.

218 4438 235 4497 ²)
270 4438 330 4500 ΙΙΙ,
349 4440 398 4491 870
414 4456 481 4505 seqq.

217 4535 238 4598 ⁴)
274 4534 304 4582 n
324 4533 486 4596 L.X,125.

218 4627 239 4691 5)
274 4628 305 4676 D.
324 4629 352 4678 L.
373 4629 411 4690 X,
432 4634 484 4679 118.
