3196 5160
807 295 827 359 6

204 517 285 583 quae
321 496 380 579 ,de
413 517 522 561 rerum
544 497 679 562 natura”
704 498 917 585 scripserunt,
952 520 1016 564 non
1046 500 1124 565 artis
1146 501 1310 566 vocabulis
1333 501 1429 587 vulgo

203 612 321 698 ignotis
343 613 560 697 tradiderunt,
585 613 641 678 sed
663 635 720 678 suo
743 636 888 680 sermone
911 616 1106 702 quotidiano.

246 732 334 798 Ante
358 754 468 798 omnes
490 754 583 820 porro
606 755 717 799 causas
738 733 818 800 haec
840 735 1046 800 memoranda
1068 741 1138 819 est,
1166 735 1250 822 quod
1273 735 1431 823 Epicurus

205 852 336 939 eiusque
365 853 511 938 discipuli
533 854 767 939 pollicebantur
789 875 823 919 se
846 854 979 941 physica
1003 855 1147 919 doctrina
1169 855 1293 919 animos
1316 877 1335 920 a
1359 855 1432 920 deo·

198 991 274 1034 rum
302 970 476 1057 mortisque
510 977 599 1036 metu
632 971 822 1036 liberaturos
857 993 936 1036 esse.
985 971 1157 1055 ,Omnium
1192 978 1301 1037 autem
1323 994 1431 1037 rerum

205 1093 321 1154 natura
354 1088 482 1172 cognita
515 1089 660 1154 levamur
694 1089 938 1174 superstitione,
972 1090 1145 1155 liberamur
1178 1091 1290 1155 mortis
1322 1096 1432 1173 metu,

204 1225 269 1268 non
303 1203 529 1268 conturbamur
559 1203 758 1288 ignoratione
789 1225 918 1288 rerum,
954 1226 1057 1292 eque
1080 1206 1150 1290 ipsa
1170 1205 1342 1271 horribiles
1365 1207 1433 1270 exi-

206 1325 294 1385 stunt
309 1341 404 1407 saepe
420 1321 604 1386 formidines
617 1345 625 1406 ;
649 1321 786 1408 denique
803 1322 901 1386 etiam
916 1323 1032 1387 morati
1046 1323 1161 1387 melius
1177 1324 1312 1406 erimus,
1336 1345 1433 1410 quum

207 1438 431 1521 didicerimus,
455 1439 531 1525 quid
553 1445 668 1503 natura
690 1438 869 1503 desideret”
886 1437 915 1522 ¹).
962 1439 1035 1504 Hoc
1057 1439 1227 1525 plerosque
1250 1438 1433 1505 alliciebat:

206 1577 281 1620 nam
310 1556 416 1640 gravis
446 1556 646 1643 opprimebat
669 1557 791 1621 animos
814 1557 997 1643 superstitio
1015 1555 1038 1640 2)
1062 1563 1094 1622 et
1117 1558 1240 1622 Romae
1263 1558 1349 1622 idem
1372 1558 1434 1622 fac-

208 1677 278 1736 tum
301 1678 363 1756 est,
387 1672 471 1759 quod
493 1672 527 1736 in
543 1672 680 1738 Graecia
695 1679 791 1759 atque
814 1673 996 1760 ubicunque
1012 1679 1139 1738 veteres
1153 1688 1259 1739 mores
1274 1680 1307 1739 et
1322 1675 1434 1760 religio

209 1795 242 1854 et
274 1791 379 1855 cultus
402 1790 579 1875 potentiam
602 1811 692 1855 suam
714 1791 748 1854 in
769 1789 935 1856 hominum
957 1791 1081 1855 animos
1103 1791 1278 1856 amiserunt
1301 1798 1334 1856 et
1355 1813 1435 1878 pug-

208 1912 287 1971 nant
321 1929 394 1972 cum
426 1907 496 1972 aliis
530 1907 621 1971 novis
652 1907 854 1993 opinionibus
885 1913 918 1972 et
959 1908 1111 1972 doctrinis
1152 1907 1434 1994 philosophorum:

210 2027 327 2110 vulgus
349 2025 533 2112 turpissima
554 2025 780 2112 superstitione
802 2025 951 2109 vincitur,
975 2046 1048 2089 cum
1066 2024 1193 2090 induas
1215 2032 1323 2112 partes
1338 2027 1436 2091 ceteri

212 2141 379 2208 discedunt
413 2143 515 2226 cives,
551 2164 684 2229 quarum
714 2144 816 2208 altera
837 2144 871 2206 in
894 2142 1005 2207 officiis
1027 2142 1191 2207 servandis
1213 2149 1246 2208 et
1269 2145 1436 2208 sanctitate

213 2262 478 2348 tranquillitatem
500 2261 624 2347 quaerit
647 2260 766 2344 animi,
801 2266 837 2324 ut
861 2260 981 2343 Stoici,
1012 2262 1114 2325 altera
1147 2281 1223 2325 vero
1245 2262 1341 2347 plane
1364 2283 1437 2326 con-

214 2377 329 2442 temnit
352 2399 480 2442 omnem
501 2377 690 2461 religionem
713 2377 897 2463 cultumque
914 2375 1045 2441 deorum
1061 2398 1190 2461 prorsus
1212 2377 1378 2462 neglegit,
1401 2383 1437 2442 ut

213 2494 365 2580 Epicurei
381 2495 413 2578 ³).
457 2494 631 2559 Praeterea
666 2494 789 2559 Romae
824 2492 995 2579 imprimis,
1029 2493 1085 2557 ubi
1119 2493 1234 2577 religio
1269 2516 1341 2558 cum
1370 2498 1439 2558 tota

212 2614 280 2678 vita
313 2613 488 2678 arctissime
512 2617 580 2678 erat
603 2613 781 2695 coniuncta,
804 2610 865 2676 hoc
889 2633 969 2676 onus
991 2611 1219 2697 gravissimum
1236 2612 1362 2678 abicere
1385 2634 1438 2676 cu-

214 2732 366 2819 piebant,
401 2731 486 2818 quod
519 2736 585 2795 tam
620 2729 674 2793 diu
704 2730 847 2794 omnium
868 2731 991 2796 animos
1014 2736 1224 2817 oppresserat.
1268 2731 1438 2796 Lucretius
1497 2710 1499 2715 Ι

214 2850 284 2936 ipse
307 2849 390 2914 hanc
413 2869 542 2913 causam
565 2847 675 2930 affert,
698 2869 755 2912 our
778 2847 953 2935 Epicurum
976 2853 1065 2912 tanta
1087 2848 1208 2934 pietate
1230 2849 1334 2914 colat:

344 2965 497 3030 Humana
518 2971 594 3030 ante
616 2965 724 3030 oculos
746 2965 838 3030 foede
862 2985 934 3029 cum
957 2963 1025 3028 vita
1047 2964 1168 3029 iaceret

345 3083 379 3148 in
401 3082 495 3148 terris
517 3103 668 3169 oppressa
690 3082 781 3167 gravi
803 3082 861 3147 sub
884 3081 1059 3166 religione,

345 3223 426 3289 quae
450 3207 546 3287 caput
567 3224 587 3265 a
609 3201 690 3267 caeli
712 3201 896 3286 regionibus
919 3199 1108 3265 ostendebat

344 3318 489 3384 horribili
512 3340 608 3405 super
630 3326 761 3407 aspectu
783 3317 971 3383 mortalibus
993 3318 1136 3401 instans,

347 3437 485 3524 primum
509 3437 625 3502 Graius
646 3436 741 3502 homo
764 3436 907 3501 mortalis
929 3435 1061 3500 tendere
1085 3440 1195 3499 contra

348 3560 397 3620 est
419 3556 527 3619 oeulos
550 3575 666 3638 ausus,
689 3555 874 3641 primusque
897 3553 1051 3618 obsistere
1073 3558 1204 3636 contra,

347 3695 443 3761 quem
465 3694 569 3760 neque
592 3672 666 3738 fana
688 3673 783 3738 deum
805 3694 865 3737 nec
887 3671 1022 3737 fulmina
1043 3692 1102 3736 nec
1124 3669 1286 3735 minitanti

346 3813 509 3857 murmure
532 3791 718 3877 compressit
740 3793 884 3873 caelum,
909 3790 964 3855 sed
988 3811 1025 3854 eo
1047 3790 1149 3874 magis
1171 3809 1278 3853 acrem

348 3909 459 3974 inritat
481 3909 580 3974 enimi
601 3908 776 3991 virtutem,
799 3908 969 3992 effringere
992 3912 1028 3971 ut
1050 3913 1121 3972 arta

350 4032 483 4091 naturae
506 4026 636 4112 primus¹
650 4032 813 4112 portarum
836 4026 974 4091 claustra
995 4024 1128 4111 cupiret.

253 4275 272 4339 ¹)
310 4271 361 4323 cis.
379 4274 409 4323 de
426 4272 483 4322 Fin.
500 4273 522 4322 I.
542 4275 586 4335 19,
604 4276 670 4323 63.’

252 4369 273 4434 ²)
309 4367 348 4418 cf.
366 4368 453 4419 Horat.
473 4367 525 4418 Sat.
543 4368 563 4418 Ι.
582 4371 614 4430 5,
633 4368 663 4420 97
681 4383 747 4433 seqq.
765 4370 787 4418 8.

252 4465 272 4531 ³)
309 4465 383 4528 Apud
400 4465 506 4515 Iudaeos
523 4462 650 4515 Pharisaei
667 4467 692 4514 et
709 4463 852 4514 Sadducaei.
887 4463 979 4530 Bayle‚
1002 4462 1120 4514 dictionn.
1137 4460 1196 4513 hist.
1214 4465 1240 4512 et
1255 4459 1309 4511 crit.
1327 4457 1391 4509 istm
1407 4459 1444 4508 od.

222 4561 301 4610 Amat.
327 4560 402 4621 1740,
427 4558 473 4609 sub
494 4574 554 4609 voce
570 4557 709 4623 Epiounra:
745 4558 810 4622 „Les
828 4556 949 4617 Stoiciens
965 4557 1041 4626 qu’on
1057 4555 1168 4622 pourrait
1184 4571 1295 4607 nommer
1310 4553 1346 4604 les
1362 4553 1446 4620 phari·

222 4656 287 4706 siens
303 4657 337 4706 du
353 4654 520 4722 paganisme.”
