3196 5160
762 274 823 336 110

181 479 234 566 qui
268 483 431 563 tamquam
465 476 590 541 animae
624 481 699 540 sunt
730 477 917 541 caelestium
950 495 1117 560 corporum
1148 476 1210 558 (41.
1235 474 1275 538 A.
1301 474 1357 558 D.)
1375 475 1409 557 ¹).

224 594 302 669 Quis
336 600 385 656 est
419 594 473 678 qui
505 593 538 655 in
573 592 668 676 huius
702 591 864 656 doctrinae
898 597 1028 654 auctore
1058 611 1122 653 non
1152 589 1240 654 videt
1263 589 1411 654 Lucretii

181 709 414 791 adversarium,
439 709 528 772 cuius
545 708 732 794 eloquenter
748 709 895 793 exposita
911 708 1075 789 doctrina,
1100 707 1232 771 deorum
1248 706 1328 769 dum
1343 706 1412 770 lau·

182 829 238 893 des
271 828 418 910 extollit,
453 827 563 890 mundi
594 826 768 912 perfectam
791 825 1039 912 pulcritudinem
1062 824 1258 906 admiratur,
1293 829 1413 909 poetae

181 945 323 1009 animum
357 944 531 1008 acerbitate
564 943 723 1006 imbutum
753 944 879 1008 irritare
915 943 1025 1007 debuit
1059 943 1126 1025 ita,
1151 948 1186 1005 ut
1213 963 1277 1005 non
1303 941 1414 1005 minus

182 1063 369 1148 eloquenter
403 1083 477 1125 eum
510 1062 737 1147 oppugnaret?
781 1061 868 1145 Ergo
902 1082 966 1125 non
1001 1061 1101 1124 Stoici
1124 1060 1180 1131 sed
1202 1061 1296 1123 Plato
1320 1058 1413 1122 hisce

181 1180 325 1243 versibus
348 1179 532 1242 aLucretio
555 1185 788 1264 oppugnantur.
835 1178 973 1242 Omnino
997 1178 1115 1241 nullius
1137 1177 1204 1241 fere
1227 1175 1416 1263 philosophi

182 1297 384 1380 cosmogonia
406 1296 509 1380 magis
531 1296 570 1359 ab
595 1296 756 1381 Epicurea
779 1296 937 1382 discrepat
961 1317 1056 1382 quam
1078 1296 1232 1359 Platonis.
1277 1295 1317 1358 In
1341 1294 1416 1379 ipsa

181 1415 310 1477 notione
344 1413 455 1477 mundi
489 1434 585 1499 quarn
618 1414 759 1477 maxime
794 1412 1006 1476 dissentiunt:
1043 1413 1201 1499 Epicurus
1224 1413 1416 1475 innumeros

182 1553 250 1595 esse
273 1530 408 1594 mundos
432 1530 535 1613 dixit,
559 1531 652 1594 Plato
676 1551 775 1593 unum
798 1536 945 1594 tantum:
969 1530 1022 1593 hic
1045 1531 1190 1594 Platonis
1205 1529 1347 1592 mundus
1365 1535 1417 1592 est

181 1649 368 1712 universum
391 1653 424 1711 et
446 1655 549 1711 totum
573 1647 752 1733 quoddam,
775 1647 859 1734 quod
883 1649 948 1712 suis
970 1648 1114 1734 partibus
1137 1647 1314 1733 perfectum
1339 1667 1417 1710 con-

182 1773 261 1832 stat:
297 1766 429 1851 Epicuri
451 1772 562 1829 contra
583 1765 768 1829 universum
790 1765 872 1828 nihil
894 1771 943 1828 est
966 1786 1062 1851 quam
1084 1787 1207 1829 summa
1230 1770 1417 1828 atomorum

183 1891 215 1948 et
241 1884 332 1949 vacui
354 1884 422 1947 sine
445 1883 547 1946 forma
570 1883 709 1946 definita.

227 2000 378 2065 Consulto
401 2000 545 2063 Platonis
567 2001 653 2063 locos
677 2021 694 2063 e
717 2000 849 2063 Timaeo
872 2004 998 2063 tantum
1018 1999 1229 2085 sumpsimus,
1258 1998 1418 2084 quoniam

182 2139 246 2182 non
262 2123 363 2182 totam
379 2117 444 2180 divi
458 2117 602 2180 Platonis
617 2116 854 2202 philosophiam
869 2116 921 2180 hic
937 2116 1040 2180 refelli
1055 2122 1226 2202 putamus,
1250 2115 1307 2178 sed
1325 2115 1418 2179 hunc

182 2236 285 2299 solum
306 2235 432 2298 librum.
480 2233 573 2308 Quod
610 2234 636 2297 si
669 2239 756 2297 recte
787 2232 983 2297 ostendimus
1017 2234 1115 2297 etiam
1152 2232 1309 2296 difficilior
1347 2254 1417 2296 res-

182 2358 229 2418 tat
263 2352 421 2439 quaestio,
455 2372 532 2414 num
569 2371 626 2414 suo
662 2356 763 2414 marte
787 2349 956 2414 Lucretius
979 2350 1108 2414 Platoni
1131 2371 1260 2435 operam
1285 2350 1418 2413 dederit

183 2491 224 2534 an
258 2490 301 2533 ex
331 2468 463 2554 Epicuri
497 2467 622 2553 scriptis
652 2468 704 2531 vel
739 2467 867 2531 aliunde
902 2489 976 2531 eum
1007 2469 1201 2552 cognoverit.
1246 2468 1417 2552 Diogenes

182 2586 330 2651 Laertius
346 2582 368 2669 ²)
392 2585 557 2649 nobiscum
581 2587 793 2650 communicat
815 2586 991 2671 Epicurum
1014 2589 1091 2662 τούς
1113 2615 1144 2651 τε
1160 2592 1229 2668 περὶ
1249 2586 1416 2653 Πλάτωνα

184 2704 465 2782 Διονυσοκόλακας
489 2707 537 2768 καὶ
562 2703 659 2766 αὐτὸν
683 2702 843 2768 Πλάτωνα
867 2710 1011 2789 χρυσοῦν
1024 2723 1176 2785 vocasse,
1201 2703 1284 2789 quod
1299 2705 1416 2788 procul

183 2820 279 2885 dubio
312 2822 347 2884 in
379 2820 498 2884 malam
532 2825 656 2905 partem
680 2818 842 2902 adhibuit,
866 2826 902 2883 ut
925 2841 1029 2884 nexus
1053 2820 1154 2884 docet.
1202 2820 1356 2885 Ceterum
1380 2821 1415 2884 in

183 2935 315 3023 Epicuri
342 2935 528 3021 fragmentis
551 2956 716 3020 nunquam
738 2935 832 3000 Plato
855 2937 1044 3000 nominatim
1068 2936 1242 3019 refellitur,
1266 2942 1416 3001 attamen

183 3059 232 3118 cst
248 3055 351 3136 locus,
363 3052 448 3117 unde
461 3059 594 3138 apparet
609 3052 784 3138 Epicurum
796 3052 865 3117 eius
881 3052 1058 3116 doctrinam
1073 3052 1287 3137 redarguisse,
1304 3075 1415 3140 neque

182 3170 243 3235 hoc
255 3171 357 3235 solum
368 3192 480 3235 verum
493 3171 590 3234 etiam
607 3191 680 3233 eum
695 3169 840 3233 Platonis
853 3169 1021 3234 Timaeum
1033 3178 1107 3234 ante
1120 3171 1227 3235 oculos
1239 3170 1413 3238 habuisse:

186 3297 274 3373 ,tum
289 3289 434 3353 Velleius
446 3288 581 3352 fidenter
597 3308 690 3369 sane,
706 3293 742 3350 ut
758 3288 861 3351 solent
872 3287 943 3370 isti,
958 3288 1040 3351 nihil
1051 3294 1117 3352 tam
1129 3310 1243 3353 verens
1255 3312 1353 3375 quarn
1370 3313 1414 3356 ne

184 3407 330 3473 dubitare
351 3408 459 3493 aliqua
475 3407 562 3470 dere
577 3406 757 3487 videretur,
780 3411 943 3491 tamquam
957 3406 1052 3470 modo
1069 3428 1111 3470 ex
1127 3407 1258 3471 deorum
1275 3409 1413 3473 concilio

184 3531 216 3590 et
229 3547 271 3590 ex
283 3526 415 3612 Epicuri
429 3524 651 3588 intermundiis
665 3524 882 3588 descendisset
889 3527 926 3606 ³),
950 3524 1068 3608 audite,
1084 3525 1205 3611 inquit,
1228 3546 1293 3588 non
1309 3526 1414 3590 futilis

120 3684 121 3687 =
183 3644 483 3730 commenticiasque
501 3643 698 3724 sententias,
720 3663 784 3705 non
801 3641 945 3727 opificem
961 3643 1260 3730 aedificatoremque
1274 3644 1411 3728 mundi,

182 3760 332 3826 Platonis
355 3761 392 3824 dc
417 3760 543 3824 Timaeo
567 3759 681 3823 dcam:
714 3779 773 3823 nec
796 3780 893 3823 anum
915 3759 1099 3842 fatidicam,
1128 3760 1308 3824 Stoicorum
1332 3765 1412 3847 πρό-

217 4054 236 4118 l)
272 4055 340 4104 Illud
362 4053 423 4104 item
438 4069 488 4104 non
508 4057 547 4104 est
570 4056 600 4102 ut
623 4052 701 4116 possis
718 4053 832 4114 credere,
849 4055 918 4103 sedes
934 4069 987 4103 esse
1003 4055 1077 4103 deum
1093 4057 1190 4103 sanctas
1206 4052 1233 4101 in
1249 4053 1337 4103 mundi
1353 4070 1411 4118 par·

184 4146 252 4199 tibus
268 4148 341 4209 ullis,
359 4165 396 4199 vs.
415 4147 470 4197 146.

216 4243 237 4308 ²)
271 4245 315 4305 X,
334 4248 356 4294 8.

216 4337 236 4400 3)
270 4338 380 4387 Eandem
403 4336 576 4388 confidentiam
602 4342 677 4402 atque
702 4336 805 4400 Epicuri
829 4337 857 4387 in
877 4353 922 4387 sua
938 4335 1049 4387 doctrina
1065 4338 1210 4401 exponenda
1225 4339 1334 4401 produnt
1349 4337 1412 4389 haec

184 4431 295 4482 Lucretii
305 4433 394 4482 verba:
407 4433 502 4493 „multo
513 4439 579 4484 certa
589 4432 684 4484 ratione
695 4433 774 4498 magis
786 4450 861 4498 quam
872 4432 971 4499 Pythia,
984 4448 1047 4497 quae
1055 4433 1151 4495 tripode
1159 4449 1174 4482 a
1183 4432 1277 4482 Phoebi
1289 4432 1411 4498 lauroque

183 4527 309 4591 profatur,
325 4527 404 4576 multa
418 4526 466 4577 tibi
481 4529 609 4592 expediam
622 4528 700 4579 doctis
712 4528 803 4579 solacia
812 4527 900 4578 dictis”
919 4544 956 4578 vs.
971 4531 1025 4576 111.
1043 4527 1165 4577 Sanenon
1175 4527 1249 4577 nimis
1264 4529 1349 4578 audax
1364 4529 1412 4580 erit

186 4623 231 4687 qui
246 4628 317 4686 putet
333 4628 481 4687 utrumque,
500 4622 641 4674 Ciceronem
657 4633 683 4673 ct
693 4623 852 4683 Lucretium,
871 4624 902 4672 ad
913 4622 1018 4672 eundem
1026 4621 1131 4686 Epicuri
1138 4622 1220 4673 locum
1228 4622 1269 4672 hic
1278 4622 1409 4688 respicere.
