3196 5160
731 194 790 256 156

149 397 295 477 texeret,
329 400 457 465 coactus
490 399 538 458 est
568 394 720 476 ,nimium
742 394 845 478 longis
867 392 1073 478 ambagibus”
1096 393 1138 458 ad
1158 393 1245 480 ipsas
1267 393 1367 480 expli·

148 511 298 584 cationes,
312 511 423 590 adire,
453 512 641 597 praesertim
664 531 736 575 cum
758 516 917 574 metueret
938 516 975 574 ut
996 509 1157 575 auditores
1179 531 1255 575 eum
1276 509 1370 575 intel·

147 627 302 711 legerent.
347 628 498 714 Epicurei
532 650 604 693 cum
637 627 718 691 nihil
752 648 821 691 esse
855 632 983 712 praeter
1017 633 1138 691 atomos
1171 634 1205 691 et
1231 647 1371 692 vacuum

150 752 328 810 statuerent
363 753 396 811 et
418 767 528 810 omnes
551 746 584 809 in
606 745 666 809 hac
688 750 802 809 natura
824 752 957 829 agentes
981 745 1056 808 deos
1079 749 1111 808 et
1135 745 1276 809 occultas
1299 745 1373 810 dae·

150 885 281 928 monum
302 865 387 928 vires
410 885 479 928 esse
501 869 673 947 negarent,
698 868 731 926 et
745 867 854 926 tamen
869 862 1029 948 explicare
1045 861 1197 927 deberent
1211 862 1373 950 quomodo

150 1002 201 1045 res
223 982 391 1046 intervallo
408 981 560 1045 distantes
575 987 685 1044 mutuo
701 1002 734 1044 se
748 979 910 1044 afficerent
926 987 957 1043 et
973 978 1136 1066 tamquam
1151 981 1236 1044 inter
1251 1001 1287 1045 se
1303 986 1374 1045 tan·

150 1085 263 1182 gerent
275 1131 289 1180 ,·
318 1099 407 1184 quasi
441 1099 542 1162 coacti
574 1102 665 1161 erant
698 1103 734 1161 ut
766 1097 883 1161 fluctus
916 1098 1068 1162 materiae
1102 1098 1168 1162 sive
1191 1104 1373 1163 atomorum

148 1220 304 1299 perpetuo
338 1214 473 1278 erebus
496 1235 643 1277 emanare
668 1213 827 1278 docerent.
873 1214 987 1297 Calor,
1022 1235 1116 1300 quem
1139 1234 1238 1300 prope
1262 1214 1372 1298 ignem

150 1336 236 1394 stans
259 1331 371 1413 sentio,
393 1330 475 1394 nihil
498 1337 546 1394 est
568 1352 663 1416 quam
685 1332 799 1394 fluctus
821 1330 861 1395 ab
884 1331 959 1415 igne
983 1336 1182 1414 atomorum,
1215 1330 1296 1395 item
1318 1329 1373 1394 fri·

1540 935 1561 979 ‹

1494 1158 1561 1214 Q

1445 1368 1561 1441 >1²12

150 1468 226 1532 gua,
249 1447 347 1531 odor,
370 1449 476 1530 color,
504 1469 606 1533 sapor.
652 1447 789 1512 Omnino
812 1468 921 1510 omnes
944 1468 1001 1511 eae
1025 1447 1215 1512 effluxiones
1238 1447 1373 1513 eaedem
1427 1489 1557 1558 [um

150 1585 220 1628 esse
243 1564 392 1628 videntur
415 1564 470 1628 sed
492 1586 601 1629 earum
624 1563 756 1628 effectus
779 1563 930 1627 differunt
952 1564 1126 1628 secundum
1146 1585 1280 1648 sensus,
1303 1565 1371 1651 qui·
1410 1590 1547 1667 „1¹13

148 1682 209 1746 bus
242 1682 461 1767 percipiuntur
491 1684 550 1764 (vs.
582 1682 669 1764 984).
713 1681 887 1745 Praeterea
910 1681 1059 1744 differunt
1082 1681 1257 1750 secundum
1279 1687 1535 1779 natu-1¹7,-

149 1820 218 1862 ram
240 1820 346 1863 rerum
369 1821 388 1862 a
410 1799 525 1885 quibus
548 1799 691 1862 defluunt
715 1804 809 1883 atque
833 1819 891 1880 ec,
920 1797 1004 1883 quod
1025 1799 1197 1862 nonnullae
1220 1819 1241 1862 a
1263 1819 1522 1888 super-12,-

150 1913 242 1997 ficie,
266 1914 348 1980 aliae
372 1935 414 1979 ex
435 1915 586 1978 interiore
609 1935 715 1977 rerum
738 1919 828 1999 parte
851 1915 1022 1999 profluunt.
1066 1914 1166 1979 Hisce
1189 1915 1509 2002 praemissieigi,

151 2032 207 2112 (vs.
225 2034 407 2115 aar-935)
422 2053 515 2118 porro
530 2036 639 2096 monet
654 2037 750 2116 poeta
764 2032 887 2095 nullum
904 2052 972 2096 esse
988 2053 1103 2118 corpus
1118 2033 1197 2097 adeo
1213 2033 1350 2098 solidum
1416 2066 1476 2108 m
1483 2098 1491 2129 a

150 2149 235 2234 quod
256 2148 343 2213 hisce
366 2149 514 2213 fluctibus
536 2147 766 2234 quodammodo
788 2149 949 2233 penetrari
972 2170 1038 2213 non
1059 2151 1158 2235 possit
1181 2157 1239 2230 (vs.
1265 2153 1484 2216 936—-

151 2268 236 2343 958).
280 2266 407 2331 Deinde
440 2266 519 2330 haec
553 2267 668 2330 emissa
701 2268 887 2351 corpuscula
920 2288 985 2331 non
1019 2287 1128 2332 omnes
1162 2267 1310 2332 homines
1340 2276 1490 2333 eat

149 2382 267 2447 bestias
290 2384 402 2448 eodem
424 2384 517 2448 modo
541 2384 666 2448 afficere
690 2386 748 2466 (vs.
773 2386 964 2468 959-978).
1003 2384 1151 2471 Denique
1173 2407 1239 2449 non
1261 2401 1500 2450 omnes-²38

149 2521 200 2564 res
232 2501 344 2566 eadem
377 2502 500 2566 ratione
529 2501 677 2565 inanibus
709 2501 850 2587 spatiolis
873 2523 942 2565 esse
964 2502 1141 2588 permixtas
1162 2502 1208 2565 ita
1230 2508 1267 2566 ut
1290 2503 1510 2568 alia-sm

48 2662 50 2666 ι
150 2619 221 2682 aliis
254 2619 402 2684 fluctibus
434 2625 643 2705 penetrentur
666 2621 724 2701 (vs.
750 2621 942 2696 als-997).
988 2619 1072 2683 Tum
1094 2618 1221 2684 demum
1243 2640 1297 2684 res
1320 2626 1520 2686 eff·

150 2735 295 2821 plicatur.
341 2737 393 2800 Ex
415 2741 564 2820 magnete
588 2742 621 2800 et
642 2758 660 2800 e
683 2737 787 2819 ferro,
810 2757 908 2822 parvo
922 2737 1091 2801 intervallo
1106 2737 1146 2801 ab
1162 2758 1199 2801 eo
1216 2737 1528 2802 distantffia

150 2861 257 2918 aestus
291 2855 357 2918 sive
379 2855 494 2918 fluctus
516 2860 693 2918 atomorum
716 2860 865 2936 emanat,
890 2854 945 2917 sed
968 2875 986 2917 e
1008 2859 1158 2939 magnete
1181 2854 1322 2918 crassior
1344 2834 1530 2920 ff*

150 2970 285 3035 validior
318 2992 412 3057 quam
446 2992 464 3035 e
497 2970 601 3035 ferro:
635 2970 687 3034 hio
722 2977 828 3034 aestus
852 2992 894 3034 ex
917 2977 1066 3055 magnete
1090 2992 1243 3035 emanans
1263 2965 1521 3037 aereffl

151 3089 280 3153 discutit
303 3093 335 3152 et
357 3089 527 3174 propellit,
550 3088 654 3151 itaut
677 3089 772 3151 inane
802 3109 940 3152 vacuum
956 3089 1084 3152 existat.
1130 3089 1300 3163 Quomodo
1314 3085 1512 3154 Ἆῤ

149 3206 219 3270 fieri
241 3206 357 3292 possit,
381 3226 444 3268 non
466 3205 668 3291 perspicuum
691 3210 756 3287 est,
780 3227 854 3268 nam
877 3206 904 3268 si
927 3206 1047 3269 semina
1069 3226 1087 3268 e
1110 3210 1260 3289 magnete
1286 3201 1504 3271 efflrZJ

149 3324 236 3387 entia
285 3343 392 3387 aerem
425 3323 607 3408 propellunt
641 3344 777 3387 vacuum
812 3322 950 3386 existere
985 3343 1049 3386 non
1081 3327 1186 3407 potest
1220 3320 1494 3408 quoniat‘

149 3441 229 3506 haec
264 3441 386 3505 semina
418 3442 487 3505 loca
517 3441 718 3526 occupabunt
751 3441 791 3505 ab
824 3440 879 3503 illo
914 3440 1034 3504 relicta.
1079 3440 1143 3504 Sed
1176 3447 1274 3525 poeta
1299 3442 1352 3508 dic
1405 3450 1430 3492 ἶ
1445 3440 1485 3481 ³

148 3580 284 3623 vacuum
317 3559 386 3622 fieri
419 3559 503 3622 inter
536 3564 718 3642 magnetem
742 3563 773 3621 et
796 3557 923 3620 ferrum.
971 3558 1054 3621 Tum
1076 3558 1251 3643 primordia
1274 3537 1478 3624 ferri?

149 3697 230 3761 quae
264 3697 306 3740 ex
340 3696 377 3740 eo
410 3681 575 3758 emanant,
607 3675 714 3738 statim
745 3674 862 3737 cadunt
896 3675 928 3737 in
951 3696 1087 3738 vacuum
1110 3674 1189 3738 illud
1213 3681 1246 3739 et
1270 3678 1467 3742 totus

149 3793 267 3857 ferrum
301 3814 409 3856 secum
444 3793 581 3874 ducunt,
615 3792 700 3877 quod
734 3798 900 3876 praeterea
935 3792 974 3856 ab
1009 3813 1082 3856 aere
1117 3799 1188 3878 post
1212 3792 1245 3856 id
1269 3785 1458 3859 loca*

149 3910 338 3994 propellitur
373 3911 431 3992 (vs.
467 3909 682 3991 aes-1041).
728 3908 893 3971 Interdum
917 3908 1035 3972 ferrum
1059 3930 1078 3972 a
1100 3908 1205 3992 lapide
1228 3901 1449 3975 recedifl

149 4047 221 4089 cum
244 4042 317 4091 'aes
353 4026 574 4112 interpositum
613 4032 682 4108 est,
722 4047 797 4089 nam
838 4027 959 4089 semina
1000 4046 1042 4089 ex
1072 4046 1145 4090 aere
1180 4018 1431 4111 profluenci

149 4144 237 4229 prius
271 4146 305 4208 in
337 4145 413 4208 ferri
446 4145 601 4209 foramina
633 4149 803 4230 penetrant
836 4166 931 4230 quam
964 4145 1123 4228 magnetis
1158 4151 1285 4228 aestus,
1321 4152 1431 4233 (ks

149 4261 280 4344 deinde,
302 4262 381 4326 haec
404 4264 525 4327 semina
546 4263 747 4349 propellens,
764 4263 857 4326 simul
872 4262 990 4326 ferrum
1005 4262 1115 4348 inquo
1132 4267 1205 4325 sunt
1221 4249 1423 4349 propell

149 4381 209 4463 (vs.
235 4381 468 4462 losa-1055).
490 4423 491 4426 =
513 4380 707 4462 Quaerenti,
735 4401 791 4444 cur
814 4400 877 4443 non
901 4399 1010 4442 omnes
1032 4399 1083 4441 res
1099 4401 1118 4443 a
1132 4384 1286 4462 magnete
1302 4395 1378 4466 pr

147 4496 322 4583 pellantur,
346 4517 419 4560 cum
440 4502 547 4562 tamen
569 4504 724 4584 perpetuo
747 4519 789 4562 ex
812 4518 849 4562 eo
873 4502 980 4561 aestus
1004 4495 1060 4560 illo
1076 4497 1175 4579 fluat,
1198 4490 1401 4583 responcL
