3196 5160
426 966 697 1058 CAPUT
741 966 1157 1074 QUARTUM.

578 1513 639 1572 DE
668 1510 1012 1571 elmuinoats.

661 1716 766 1796 (Lucr.
790 1716 844 1778 lib.
869 1716 939 1798 IV).

224 1910 402 1974 inferorum
435 1910 490 1974 illa
523 1910 677 1992 formido,
714 1932 809 1996 quam
843 1909 993 1994 Epicurei
1028 1909 1184 1994 imprimis
1220 1930 1410 1994 oppugnare

182 2033 214 2091 et
238 2027 400 2112 expellere
435 2048 477 2090 ex
510 2026 675 2091 hominum
706 2027 820 2090 animis
848 2027 1039 2108 studebant,
1074 2027 1164 2110 vulgi
1187 2033 1219 2090 et
1241 2027 1413 2091 nonnullo·

181 2167 252 2209 rum
285 2144 548 2230 philosophorum
579 2144 781 2230 opinionibus
805 2145 916 2229 augeri
938 2144 1124 2226 videbatur,
1159 2144 1213 2230 qui
1237 2144 1414 2208 credebant

181 2262 347 2326 hominum
364 2263 492 2326 animos
516 2269 590 2326 ante
613 2264 712 2327 vitam
736 2269 767 2326 et
790 2269 1039 2348 postmortem,
1064 2283 1232 2347 acorpore
1250 2262 1414 2327 seiunctos

182 2378 323 2442 humana
356 2379 463 2464 specie
498 2378 646 2460 indutos,
681 2400 737 2464 per
772 2385 889 2442 terram
923 2385 955 2442 et
989 2379 1112 2442 coelum
1142 2378 1272 2461 vagari,
1314 2384 1414 2464 atque

186 2495 377 2560 daemonum
400 2496 500 2559 instar
522 2495 690 2559 horribiles
713 2502 844 2581 aspectu
866 2497 998 2559 miseros
1021 2496 1171 2559 mortales
1187 2495 1313 2581 insequi
1331 2502 1364 2559 et
1380 2496 1415 2559 in

184 2614 314 2677 somniis
349 2634 407 2699 per
436 2613 580 2677 horridas
602 2620 711 2677 noctes
733 2614 911 2676 viventium
934 2614 1056 2677 animos
1079 2621 1268 2698 perterrere.
1316 2612 1415 2676 Hanc

183 2730 373 2796 daemonum
407 2732 547 2816 speciem
580 2753 652 2795 cum
687 2731 897 2816 Empedocles
933 2739 965 2794 et
987 2731 1081 2795 Plato
1111 2737 1179 2794 tum
1207 2731 1414 2795 Xenocrates

182 2847 348 2911 hominum
382 2849 497 2912 animis
526 2848 675 2912 tribuisse
702 2848 860 2911 videntur.
906 2849 980 2912 Huc
1004 2868 1128 2934 quoque
1152 2848 1313 2912 referendi
1337 2855 1414 2912 sunt

185 2965 328 3029 Lucretii
358 2987 469 3029 versus
486 2967 527 3049 ¹):
574 2987 651 3047 ,neo
674 2967 797 3029 ratione
820 2966 883 3030 alia
905 2968 1011 3051 (quam
1033 2966 1173 3030 humana
1196 2966 1317 3051 specie)
1341 2988 1415 3030 nos-

182 3091 249 3148 met
271 3105 448 3169 proponere
465 3084 556 3147 nobis
579 3105 746 3169 possumus
770 3084 909 3147 infernas
932 3071 1054 3148 animas
1077 3083 1264 3148 Acherunte
1280 3084 1414 3167 vagari,

183 3201 321 3286 pictores
350 3201 458 3287 itaque
490 3206 522 3263 et
545 3201 734 3285 scriptorum
758 3200 862 3263 saecla
883 3200 990 3285 priora
1012 3200 1056 3264 sic
1080 3199 1201 3263 animas
1223 3199 1415 3264 introduxe-

182 3324 257 3381 runt
281 3318 425 3381 sensibus
448 3318 588 3382 auctas.”
613 3318 704 3381 Haec
728 3324 835 3381 autem
859 3318 1041 3402 superstitio
1056 3323 1132 3381 nata
1155 3338 1223 3380 esse
1246 3316 1414 3381 videture

183 3436 315 3521 spectris
350 3436 554 3499 delirantium
588 3436 710 3500 animos
733 3436 943 3517 vexantibus,
975 3441 1007 3498 et
1032 3457 1073 3499 ex
1096 3435 1134 3497 iis
1158 3455 1238 3519 quae
1261 3434 1416 3499 videmus

182 3552 216 3616 in
250 3554 389 3634 somnis,
424 3575 496 3617 oum
530 3574 625 3637 saepe
663 3554 799 3636 ,figuras
833 3553 1013 3616 contuimur
1046 3552 1142 3615 miras
1177 3552 1416 3638 simulacraque

182 3670 253 3733 luce
277 3675 462 3750 carentum,
488 3691 569 3756 quae
592 3692 649 3735 nos
672 3670 818 3733 horrifice
841 3669 1022 3753 languentis
1045 3689 1139 3753 saepe
1168 3689 1278 3754 sopore
1304 3670 1416 3735 excie-

182 3788 277 3850 runt’'
291 3785 323 3872 ²).
369 3787 460 3851 Haec
484 3795 624 3873 spectra,
649 3809 729 3874 quae
760 3787 876 3871 vulgus
898 3807 1008 3850 manes
1031 3793 1226 3850 mortuorum
1250 3807 1319 3850 esse
1344 3809 1417 3852 ore-

184 3903 300 3988 debat,
334 3904 485 3990 Epicurei
519 3912 555 3968 ut
577 3910 699 3968 metum
723 3911 755 3968 et
778 3924 949 3988 angorem,
985 3903 1099 3988 quibus
1121 3902 1266 3966 homines
1290 3905 1417 3969 crucia·

183 4027 275 4104 rent,
298 4022 338 4084 iis
361 4023 542 4107 eriperent,
567 4022 742 4085 secundum
766 4021 927 4085 doctrinae
950 4020 1108 4105 principia
1131 4021 1293 4106 explicare
1317 4043 1417 4086 cona·

185 4236 392 4244 ——.—.———-.

216 4357 234 4418 ¹)
270 4357 332 4418 III,
359 4358 415 4410 627.
449 4358 498 4408 Pro
524 4360 629 4407 bernano
648 4363 720 4421 specie
742 4364 815 4422 poeta
840 4375 925 4409 manes
949 4361 1051 4421 quicque
1076 4359 1179 4406 rensidus
1196 4356 1256 4407 dicit
1272 4358 1417 4420 praeditos,

185 4469 244 4502 cum
266 4457 439 4516 argumentum
456 4452 482 4500 id
498 4458 590 4515 poscat.
615 4454 759 4504 Tenendum
777 4459 814 4504 est
831 4470 887 4503 eum
904 4470 935 4503 ex
953 4453 1095 4503 condicione
1112 4452 1192 4517 loqui:
1211 4456 1250 4513 „si
1264 4452 1421 4504 immortalis

182 4550 272 4596 natura
289 4545 429 4596 animaist.''

214 4642 235 4706 ²)
269 4644 343 4692 Lucr.
362 4643 384 4693 I.
405 4647 450 4691 132
468 4658 534 4707 seqq.
553 4643 598 4694 IV.
617 4647 647 4692 33
665 4660 731 4709 seqq.
