3196 5160
794 270 813 333 ⁷

328 511 368 519 —
394 510 434 519 —
459 511 500 519 —-
523 495 620 559 quare
643 473 756 558 religio
779 472 914 560 pedibus
937 473 1081 538 subiecta
1103 473 1242 538 vicissim

328 591 505 678 opteritnr,
529 613 587 655 nos
610 596 772 678 exaequat
794 591 928 655 victoria
950 591 1048 656 coelo.
1073 592 1110 676 (I.
1136 594 1175 656 62
1201 593 1313 679 seqq).

242 709 403 774 Gaudium
426 710 591 774 exsultans
614 709 697 772 servi
720 708 869 793 fugitivi,
904 708 959 794 qui
982 714 1090 772 tamen
1117 708 1321 795 libertatem,
1360 733 1423 798 qua

198 848 281 892 nunc
303 827 429 911 fruitur,
459 833 614 914 perpetuo
639 827 734 891 debet
756 826 946 909 defendere,
977 827 1109 913 eiusque
1133 827 1240 892 odium
1263 830 1297 893 in
1318 829 1422 894 immi·

198 950 264 1009 tem
286 946 510 1032 crudelemque
534 945 696 1009 dominum
720 966 761 1009 ex
781 944 869 1008 hisce
885 944 1029 1009 versibus
1045 950 1078 1009 et
1093 950 1161 1009 toto
1178 967 1274 1030 opere
1290 946 1422 1012 audiun·

198 1068 260 1127 tur.
284 1101 324 1110 -
349 1064 384 1128 Si
406 1063 543 1150 denique
566 1063 710 1127 addimus
733 1061 965 1148 Epicureorum
981 1067 1127 1126 mutuam
1142 1063 1421 1149 benevolentiam,

199 1181 352 1267 pietatem
375 1201 450 1265 ergo
474 1178 602 1246 scholae
624 1179 824 1266 principem,
848 1180 989 1243 animum
1012 1179 1052 1244 ab
1075 1179 1249 1245 honoribus
1272 1187 1305 1246 et
1326 1203 1422 1267 nego·

197 1297 251 1361 tiis
272 1298 407 1384 publicis
430 1318 594 1380 aversum,
617 1319 682 1361 non
704 1297 831 1361 difficile
854 1296 915 1361 erit
937 1297 1124 1380 intellectu,
1148 1320 1204 1363 cur
1219 1303 1267 1362 tot
1283 1299 1422 1365 Romani

198 1411 294 1478 huius
316 1413 387 1478 aevi
411 1413 572 1479 doctrinae
595 1435 628 1477 se
651 1413 862 1496 tradiderint,
885 1433 967 1500 quae
989 1413 1163 1478 virtutibus
1185 1414 1305 1500 pariter
1326 1421 1422 1503 atque

198 1530 285 1595 vitiis
306 1531 416 1617 populi
439 1537 627 1595 occurreret.

243 1647 362 1713 Omnes
396 1654 504 1713 autem
539 1649 711 1735 superabat
744 1648 975 1714 muncrarius
1005 1649 1127 1733 Carus,
1162 1649 1252 1714 ouius
1274 1650 1423 1716 carminis

198 1763 272 1828 libri
306 1785 365 1828 aex
399 1765 437 1828 de
472 1765 595 1830 Rerum
627 1771 743 1830 natura
771 1765 856 1828 inter
879 1765 1068 1830 clarissimos
1090 1773 1298 1831 numerantur
1319 1767 1422 1832 fontes

199 1880 379 1969 Epicureae
409 1882 570 1947 doctrinae
604 1882 658 1969 qui
693 1888 832 1946 aetatem
866 1883 1019 1946 tulerunt.
1065 1882 1185 1948 Omnes
1215 1883 1299 1960 docti
1326 1884 1422 1950 hodie

199 2000 289 2086 quasi
326 2021 368 2064 ex
402 2005 559 2065 concentu
592 2001 704 2087 poesin
727 1999 859 2087 Epicuri
881 1999 1031 2084 laudant3
1065 2006 1211 2066 veterum
1234 2003 1267 2066 in
1289 2024 1422 2068 numero

200 2115 311 2180 Cicero
345 2116 380 2180 in
410 2117 479 2180 loco
512 2117 723 2202 pervulgato:
772 2116 934 2198 ,Lucretii
966 2123 1115 2202 poemata
1146 2124 1183 2182 ut
1215 2119 1344 2203 scribis,
1377 2120 1424 2185 ita

200 2237 295 2315 sunt,
327 2233 437 2296 multis
464 2234 637 2298 luminibus
668 2233 810 2317 ingenii,
838 2255 903 2297 non
937 2233 1058 2298 multae
1093 2239 1200 2298 tamen
1223 2235 1320 2300 artis”
1337 2238 1356 2320 ¹)
1390 2243 1423 2302 et

233 2403 251 2460 ¹)
284 2405 316 2454 ad
333 2403 418 2463 Quint.
435 2405 465 2453 fr.
484 2404 521 2454 II.
540 2407 562 2452 9.
604 2403 807 2454 Emendationem
832 2401 911 2453 secuti
936 2419 1022 2452 sumus
1047 2403 1149 2467 Bergkii
1175 2403 1210 2465 (in
1236 2406 1422 2470 Programmate

199 2496 347 2547 Academiae
371 2496 570 2561 Morburgensis,
597 2497 657 2546 anni
681 2498 761 2560 1846).
796 2496 897 2547 Codices
923 2496 1056 2561 praebent:
1096 2497 1223 2558 „Lucretii
1238 2505 1367 2563 poemata,
1392 2505 1424 2551 ut

200 2591 302 2654 scribis,
327 2591 363 2642 ita
380 2597 451 2642 sunt:
476 2608 527 2642 non
542 2590 628 2640 multis
644 2590 781 2641 luminibus
797 2590 907 2655 ingenii,
930 2591 1023 2641 multae
1038 2597 1121 2642 tamen
1138 2591 1214 2642 artis''
1248 2593 1305 2643 Etsi
1321 2594 1423 2659 Bergkii

200 2686 396 2738 emendationem
421 2687 499 2738 secuti
524 2703 626 2746 sumus,
650 2692 733 2737 tamen
756 2685 809 2736 eius
832 2691 977 2750 argumente
993 2702 1043 2736 non
1059 2703 1189 2751 possumus
1206 2687 1308 2752 probare
1325 2689 1422 2751 omnia,

200 2781 302 2832 minime
318 2786 402 2832 autem
418 2781 497 2844 illud,
524 2783 590 2847 quod
613 2787 686 2846 putat
710 2781 737 2830 iu
760 2780 910 2847 Hieronymi
934 2780 1030 2843 verbis,
1056 2781 1102 2832 sub
1127 2798 1192 2833 anno
1216 2786 1278 2832 1913
1295 2784 1421 2835 notantis:

201 2877 291 2938 „Titus
315 2876 448 2928 Lucretius
470 2882 543 2942 poeta
567 2876 693 2938 nascitur,
718 2881 804 2941 postea
827 2875 946 2928 amatorio
961 2875 1050 2941 poculo
1066 2876 1094 2926 in
1120 2878 1229 2928 furorem
1253 2895 1350 2940 versus,
1367 2896 1424 2930 cum

201 2972 296 3038 aliquot
312 2973 388 3024 libros
403 2989 447 3037 per
467 2972 600 3024 intervalla
623 2971 736 3023 insaniae
759 2971 952 3036 conscripsisset,
978 2988 1040 3038 quos
1061 2977 1147 3037 postea
1164 2972 1249 3024 Cicero
1265 2974 1422 3036 emendavit,

199 3064 298 3131 propria
321 3084 347 3118 se
372 3084 448 3118 manu
471 3067 597 3118 interfecit
618 3084 682 3118 anno
707 3066 795 3118 estatis
820 3067 962 3129 XLIIII,’'
985 3067 1057 3118 illum
1074 3067 1216 3118 Ciceronem
1232 3084 1285 3118 1111
1301 3069 1422 3126 Marcum.

201 3163 265 3212 Rem
281 3163 364 3227 potius
380 3162 427 3214 hoc
444 3164 515 3214 modo
531 3163 654 3228 explicare
671 3163 789 3213 velimus:
810 3162 928 3225 Quintus,
945 3162 1025 3212 Marci
1041 3163 1125 3224 frater,
1144 3162 1294 3214 Lucretiana
1309 3147 1423 3227 poemata

201 3257 341 3308 emandavit
357 3257 490 3323 ediditque.
523 3258 563 3307 Ex
589 3257 669 3308 Marci
692 3259 757 3308 enim
778 3257 903 3308 Ciceronis
919 3256 1017 3321 scriptis
1033 3256 1093 3306 satis
1110 3256 1217 3308 dilucide
1233 3264 1348 3323 apparet,
1365 3275 1423 3310 eum

202 3351 245 3402 vix
270 3357 313 3402 aut
336 3370 464 3419 nunquam
488 3353 599 3404 Lucretii
620 3369 681 3418 opus
697 3353 802 3417 legisse,
820 3358 864 3403 1111
882 3353 904 3402 si
919 3351 994 3416 legit,
1016 3368 1049 3402 ns
1064 3351 1188 3402 imbutum
1205 3353 1304 3418 quidem
1321 3370 1374 3404 1111
1391 3354 1423 3406 iis

202 3465 264 3512 quae
280 3449 376 3513 legerit.
409 3451 450 3500 An
466 3450 521 3500 fieri
536 3449 631 3513 potuit,
649 3456 677 3499 ut
694 3449 810 3499 scriberet
827 3449 856 3497 de
873 3447 1025 3498 simulacris:
1044 3447 1132 3514 „quid,
1150 3449 1216 3514 quod
1232 3465 1316 3499 aarum
1326 3465 1422 3512 rerum,

201 3560 264 3610 queo
280 3561 415 3611 numquam
432 3544 532 3597 omnino
548 3546 650 3596 1111111111
665 3561 746 3610 neque
757 3560 809 3596 esse
824 3549 971 3608 potuerunt,
990 3548 1018 3593 ut
1036 3543 1142 3611 Scyllae,
1159 3549 1189 3594 ut
1202 3543 1364 3595 Chimaerae?
1376 3581 1382 3594 .
1395 3580 1421 3596 ..

201 3639 277 3705 quid,
301 3641 382 3705 quod,
407 3640 510 3691 simulac
526 3639 589 3690 mihi
605 3641 743 3692 collibitum
759 3644 812 3700 111,
834 3645 931 3702 praesto
947 3645 985 3689 111
1000 3638 1101 3704 imago?
1124 3639 1200 3705 quid,
1218 3641 1284 3704 quod
1300 3640 1375 3690 etiam
1391 3640 1423 3690 ad

201 3735 362 3786 dormientem
386 3736 491 3786 veniunt
513 3739 642 3788 invocatae
652 3737 678 3786 ?”
715 3737 752 3796 (de
776 3740 827 3785 nat.
845 3736 909 3786 deor.
927 3735 953 3796 I,
980 3735 1066 3800 §108)
1084 3734 1106 3784 si
1121 3734 1236 3799 legisset:
1263 3734 1354 3785 Lueret
1371 3735 1421 3797 IV,

203 3832 248 3882 736
265 3847 345 3897 seqq,
364 3833 408 3884 761
426 3849 507 3898 seqq,
525 3834 571 3885 780
588 3849 667 3899 seqq,
685 3831 729 3882 ubi
745 3832 792 3882 hae
808 3831 965 3882 difficultates
981 3847 1013 3882 ex
1028 3829 1131 3894 Epicuri
1147 3835 1230 3880 menta
1248 3830 1422 3894 explicantur?

201 3927 235 3977 Et
258 3932 342 3978 tamen
366 3927 424 3976 libri
448 3929 478 3978 de
502 3929 602 3978 deorum
628 3934 716 3978 natura
739 3929 767 3977 in
790 3927 871 3976 lucem
888 3925 1031 3990 prodierunt
1047 3925 1130 3975 decem
1146 3933 1224 3974 anuos
1240 3929 1296 3989 post
1312 3925 1422 3976 Lucretii

202 4020 317 4071 carmina.
352 4021 380 4071 Si
395 4022 456 4072 haee
472 4022 581 4072 carmina
597 4022 674 4072 edidit
690 4023 806 4082 Marcus,
824 4022 869 4087 qui
885 4028 938 4073 tum
954 4021 999 4070 illa
1014 4020 1146 4084 praeterire
1161 4020 1261 4084 potuit?

233 4116 279 4166 Vir
303 4115 460 4167 doctissimus
486 4118 585 4167 Martha
610 4119 655 4182 (Le
680 4119 765 4182 poema
782 4119 812 4167 de
828 4118 936 4168 Lucrece
952 4132 1008 4180 pag.
1027 4119 1081 4175 361)
1099 4115 1231 4166 nonnullos
1247 4116 1340 4180 profert
1355 4116 1422 4168 locos

202 4211 344 4273 Tullianos,
370 4228 431 4278 quos
448 4213 542 4263 confert
559 4230 615 4262 cum
631 4212 786 4263 Lucretianis
803 4212 891 4275 dictis,
913 4216 943 4262 ut
957 4211 1058 4275 probet,
1077 4210 1219 4261 Ciceronem
1235 4217 1322 4276 poetae
1338 4216 1422 4264 nostro

202 4307 344 4372 plusquam
360 4307 481 4358 modicam
492 4324 590 4372 operam
601 4309 711 4358 dedisse:
730 4314 756 4358 11
772 4308 908 4358 similitudo
924 4307 1012 4358 horum
1028 4306 1137 4357 locorum
1152 4306 1243 4370 partim
1259 4307 1421 4372 1101111101-

202 4386 349 4466 1111131111
365 4418 409 4464 eo,
435 4404 501 4468 quod
517 4407 620 4467 uterque
636 4401 739 4466 Epicuri
755 4401 847 4466 scripta
861 4401 939 4466 legit,
964 4402 1054 4466 partim
1070 4407 1168 4452 tautum
1183 4407 1221 4452 est
1237 4401 1351 4453 fortruta:
1379 4403 1421 4454 ds·

201 4496 277 4561 nique
300 4498 450 4548 monendum
474 4502 512 4549 est
533 4497 561 4546 in
584 4497 752 4548 Romanorum
773 4496 842 4550 illius
859 4496 946 4548 aetatis
962 4496 1094 4559 societate,
1120 4497 1192 4548 utin
1208 4499 1295 4571 quovis
1311 4496 1422 4548 virorum

203 4592 328 4642 doctorum
353 4592 484 4654 convictu,
510 4593 601 4642 multas
625 4593 774 4654 sententias,
800 4593 879 4643 multa
894 4594 942 4654 ἔπη
960 4596 1099 4658 πτερόεντα
1116 4597 1213 4644 versata
1229 4609 1296 4656 esse,
1321 4608 1378 4643 cum
1393 4591 1421 4643 in
