3196 5160
770 288 829 349 112

187 496 295 553 autem
320 489 479 552 elementa
501 487 557 550 illa
573 508 642 551 esse
657 487 736 550 mihi
753 488 919 570 videntur,
943 509 1024 573 quac
1041 479 1210 553 Lucretius
1225 495 1417 570 enumerat,

185 630 260 671 nam
290 607 388 670 atomi
412 627 481 669 osse
504 628 567 669 non
590 611 723 690 possunt
746 628 819 670 cum
842 606 902 669 hae
926 607 990 669 sint
1013 607 1238 670 immutabiles.
1264 646 1305 654 —
1323 607 1418 670 Ordi-

185 745 259 787 nem
282 729 542 806 argumcntorum
566 722 651 806 apud
674 722 860 785 Lucretium
884 728 1008 785 rectum
1030 743 1098 785 esse
1115 743 1233 806 negare
1249 721 1417 786 debemus.

186 847 328 915 Quatuor
362 841 521 904 elementa
553 840 701 903 mortalia
735 861 803 903 esse
839 840 1111 904 demonstraturus
1142 847 1230 904 erat:
1266 847 1299 904 at
1330 862 1419 905 nunc

187 959 333 1044 quintum
367 956 455 1020 addit
486 955 616 1019 aethera
647 963 679 1019 et
709 978 817 1019 rursus
840 963 957 1020 terram
981 979 1045 1020 non
1071 957 1211 1038 ,validas
1234 958 1307 1020 aevi
1329 959 1419 1022 vires

185 1076 347 1161 perferre”
372 1073 520 1138 ostendit.
560 1073 594 1138 si
617 1079 743 1136 textum
766 1073 865 1157 igitur
887 1075 1055 1139 restituere
1079 1076 1227 1143 volumus
1241 1096 1288 1138 vs.
1305 1077 1418 1140 306-

187 1196 248 1258 317
272 1198 343 1279 post
365 1214 411 1256 vs.
436 1194 499 1255 260
522 1197 555 1255 et
576 1212 623 1255 vs.
648 1193 819 1254 318-323
842 1197 915 1277 post
937 1195 1001 1256 280
1024 1192 1089 1275 legi
1113 1192 1240 1255 debent.

228 1311 353 1374 Deinde
387 1309 475 1374 aliud
509 1314 557 1372 est
591 1314 835 1392 argumentum:
871 1311 1068 1395 expugnatio
1097 1311 1183 1372 enim
1206 1310 1322 1374 Troiae
1347 1311 1419 1376 bel-

183 1430 313 1513 lumque
346 1427 536 1490 Thebanum
569 1426 789 1511 antiquissima
819 1433 893 1489 sunt
915 1427 999 1491 facta
1021 1449 1102 1513 quae
1126 1450 1145 1490 a
1168 1428 1271 1513 poetis
1292 1449 1419 1492 memo-

181 1550 313 1608 rantur:
349 1563 424 1627 ergo
458 1548 542 1605 terra
575 1548 683 1605 nostra
713 1563 824 1605 recens
858 1549 906 1605 est
939 1542 1032 1608 facta.
1079 1543 1171 1617 Quod
1195 1545 1221 1606 si
1244 1545 1418 1608 contendis

181 1668 277 1728 antea
307 1661 413 1725 omnia
447 1660 558 1724 eadem
581 1660 678 1723 fuisse
702 1660 758 1724 sed
780 1661 854 1744 igne
877 1661 931 1724 vel
953 1683 1035 1747 aqua
1057 1662 1205 1724 interisse
1228 1662 1416 1747 quondam,

182 1786 290 1843 tamen
313 1784 446 1864 apparet
472 1778 627 1859 ,exitium
651 1799 776 1864 quoque
800 1786 957 1841 terrarum
980 1779 1123 1864 caelique
1146 1779 1309 1862 futurum,
1337 1801 1418 1843 uam

183 1918 255 1960 cum
289 1917 339 1959 res
373 1897 472 1960 tantis
506 1896 626 1959 morbis
660 1896 820 1981 tantisque
855 1896 982 1981 periclis
1016 1902 1269 1981 temptarentur,
1305 1897 1353 1960 ibi
1389 1899 1418 1961 si

183 2014 304 2077 tristior
326 2014 523 2077 incubuisset
539 2035 652 2095 causa,
676 2013 789 2076 darent
803 2014 868 2077 late
884 2014 1009 2078 cladem
1024 2034 1219 2099 magnasque
1234 2015 1367 2078 ruinas''
1386 2018 1416 2098 ¹).

181 2132 280 2196 Stoici
315 2137 425 2194 autem
458 2136 630 2216 putarunt:
663 2133 740 2227 Ιμετὰ
774 2135 833 2208 τὴν
863 2135 1038 2217 ἐκπύρωσιν
1067 2132 1165 2196 πάλιν
1188 2133 1290 2197 πάντα
1314 2134 1414 2198 ταύτὰ

181 2255 214 2316 ἐν
237 2257 280 2337 τῷ
302 2252 409 2335 κόσμῳ
433 2254 579 2335 γίνεσθαι
602 2250 666 2314 κατ’
690 2251 842 2333 ἀριθμὸν,
865 2252 908 2324 ὡς
932 2257 980 2315 καὶ
1003 2251 1060 2315 τὸν
1084 2248 1171 2324 ἰδίως
1194 2252 1288 2314 ποιὸν
1313 2251 1415 2316 πάλιν

180 2372 237 2433 τὸν
272 2369 368 2432 αὐτὸν
403 2372 448 2453 τῴ
480 2370 624 2452 πρόσθεν
659 2367 738 2431 εἶναι’
767 2395 798 2431 τε
821 2372 869 2432 καὶ
893 2371 1038 2450 γίνεσθαι
1061 2369 1164 2451 ἐκείνῳ
1187 2372 1232 2452 τῷ
1255 2369 1364 2453 κόσμῳ
1379 2366 1413 2449 2).

180 2483 254 2547 Non
278 2483 379 2546 solum
402 2482 477 2565 igne
498 2503 612 2546 verum
638 2481 735 2545 etiam
759 2504 841 2568 aqua
862 2480 923 2546 hae
945 2483 1139 2545 mutationes
1162 2482 1252 2545 fiunt.
1289 2482 1414 2546 Seneca

181 2607 244 2665 nat.
261 2623 312 2687 qu.
326 2600 388 2664 ΠΙ.
405 2602 456 2662 27.
488 2599 580 2663 Haec
603 2605 809 2682 argumenta,
827 2621 961 2686 quorum
979 2600 1117 2663 alterum
1135 2620 1152 2662 e
1168 2605 1282 2662 natura
1298 2600 1412 2663 mundi

182 2726 230 2783 est
265 2724 443 2802 sumptum,
477 2717 614 2780 alterum
636 2738 712 2780 vero
736 2737 777 2779 ex
800 2717 954 2799 historia,
987 2716 1130 2801 sequitur
1154 2717 1284 2779 tertium
1308 2718 1413 2800 magis

182 2836 362 2900 absolutum
402 2842 434 2898 et
471 2833 709 2897 dialecticorum
742 2853 830 2896 more
868 2833 1074 2896 elaboratum.
1130 2833 1280 2914 Singulos
1318 2854 1413 2920 casus

182 2953 456 3040 praetermittens,
478 2951 603 3037 quaerit
622 2949 698 3037 quid
713 2951 841 3013 omnino
856 2950 956 3035 possit
968 2950 1122 3032 interire,
1149 2950 1225 3034 quid
1241 2955 1412 3014 aeternum

184 3071 234 3134 sit.
270 3071 463 3152 ,Praeterea
485 3090 565 3154 quae
589 3089 724 3153 cumque
748 3073 878 3130 manent
901 3072 1032 3130 aeterna
1053 3074 1218 3130 necessust
1233 3074 1310 3149 aut,
1335 3069 1415 3153 quia

184 3196 257 3252 sunt
291 3188 391 3252 solido
421 3209 494 3251 cum
517 3207 670 3273 corpore,
705 3205 856 3269 respuere
879 3184 961 3246 ictus
984 3204 1043 3246 nec
1066 3190 1234 3268 penetrare
1257 3185 1325 3268 pati
1350 3186 1414 3248 sibi

183 3307 371 3393 quicquam,
407 3305 493 3390 quod
523 3310 624 3390 queat
643 3309 727 3367 artas
751 3302 920 3366 dissociare
943 3302 1030 3364 intus
1052 3302 1170 3386 partis,
1202 3307 1238 3364 ut
1262 3303 1414 3367 materiai

183 3446 316 3510 corpora
338 3429 431 3505 sunt,
455 3444 589 3509 quorum
612 3428 758 3486 naturam
782 3420 977 3485 ostendimus
1000 3414 1096 3504 ante,
1120 3420 1270 3484 antideo
1294 3421 1414 3486 durare

182 3594 344 3604 ...-.-....--

181 3691 305 3752 coguntur
330 3685 407 3735 atium
430 3684 513 3735 locum
529 3684 560 3734 iis
576 3684 701 3744 tribuere,
727 3689 757 3732 ut
779 3684 936 3743 Gessendus,
962 3682 1036 3732 nimis
1053 3683 1171 3731 audacem
1188 3682 1307 3731 adhibens
1324 3699 1414 3734 emenu

182 3782 313 3831 dationem.
350 3780 398 3829 Sed
423 3795 466 3828 cur
490 3794 540 3827 non
564 3779 646 3841 potuit
671 3778 723 3827 sive
747 3777 774 3826 in
798 3777 868 3826 libris
885 3781 942 3841 περὶ
961 3779 1056 3841 φύσεος
1073 3776 1126 3826 sive
1142 3777 1169 3826 in
1188 3794 1278 3841 magna
1302 3778 1414 3841 epitome

182 3875 256 3925 etiam
282 3876 311 3924 de
328 3874 426 3922 aethere
443 3889 521 3922 sermo
539 3888 606 3932 esse,
625 3871 668 3936 qui
685 3877 762 3921 totam
778 3876 868 3921 terram
885 3872 1035 3931 circumdet,
1061 3872 1097 3921 ita
1113 3877 1142 3920 ut
1157 3872 1218 3920 haec
1235 3871 1258 3920 ei
1275 3872 1414 3934 supervehi

182 3974 207 4019 et
232 3970 303 4034 quasi
318 3969 430 4018 innatare
447 3967 496 4016 dici
511 3966 605 4030 possit,
628 3966 771 4030 praesertim
788 3983 844 4015 cum
862 3969 947 4016 eodem
963 3968 1035 4015 modo
1052 3966 1182 4015 Lucretius
1200 3967 1229 4014 de
1246 3982 1275 4015 eo
1291 3965 1414 4030 loquatur

182 4080 218 4114 vs.
238 4064 387 4113 ars-323?
419 4060 549 4112 Eiusmodi
565 4061 751 4121 annotationes,
777 4077 844 4109 nexu
860 4077 959 4124 prorsus
977 4061 1088 4118 sublato,
1112 4060 1209 4123 saepius
1225 4061 1333 4111 insertae
1351 4068 1414 4112 sunt

182 4158 332 4222 aDiogene.

216 4253 234 4314 ¹)
269 4252 312 4300 Vs.
331 4254 465 4300 324—350.
492 4250 542 4300 Hic
554 4248 655 4299 statuit:
670 4249 765 4310 „habet
774 4249 911 4299 novitatem
923 4266 1034 4308 summa,
1052 4265 1185 4315 recensque
1196 4255 1309 4299 naturast
1321 4252 1413 4302 mundi

181 4363 261 4411 neque
286 4345 380 4409 pridem
397 4345 496 4396 exordia
513 4345 595 4408 cepit”
617 4346 662 4407 (vs.
682 4346 939 4407 330,31);sed11.
963 4349 1038 4394 115οε
1066 4345 1180 4410 „iamque
1197 4347 1258 4394 adeo
1274 4346 1356 4396 fracta
1373 4355 1414 4398 est

182 4445 264 4500 aetas,
283 4440 403 4504 effetaque
418 4441 507 4490 tellus''
526 4443 583 4489 cett.
604 4439 670 4504 Ergo
687 4439 855 4490 animadverto
872 4456 946 4504 quam
963 4440 1050 4490 debilis
1067 4447 1092 4490 et
1107 4444 1196 4490 misera
1208 4441 1241 4490 sit
1251 4441 1312 4492 haec
1324 4447 1410 4505 terra,

182 4551 245 4600 quae
261 4534 360 4585 iuvenis
376 4534 425 4583 iam
443 4533 564 4594 senescit,
583 4532 626 4583 vix
642 4539 701 4583 nata
717 4534 767 4583 iam
784 4539 888 4584 mortem
904 4534 964 4584 obit.

214 4629 235 4697 ²)
270 4630 342 4679 Alex.
361 4629 434 4678 Anal.
452 4645 489 4692 pr.
507 4631 546 4677 58.
