3196 5160
770 274 813 339 20

181 481 264 559 ἐ’στι,
287 480 364 546 εἶναι
387 481 496 546 κενόν·
521 477 608 554 ὅλως
630 484 686 561 μὲν
710 477 769 544 οὖν
793 479 898 556 πάσης
921 483 1072 560 κινήσεως
1096 478 1260 563 οὐδαμῶς,
1285 477 1333 547 διὸ
1358 485 1408 546 καὶ

182 599 347 664 Μέλισσον
370 596 505 664 ἔλαθεν·
530 596 744 663 ἀλλοιοῦσθαι
767 595 830 682 γαρ
854 599 890 662 τὸ
913 596 1033 682 πλῆρες
1056 595 1229 685 ἐνδέχεται,
1260 597 1346 664 ἄλλα
1369 595 1409 675 δὴ

181 713 252 782 οὐδὲ
287 718 344 792 τὴν
375 713 451 780 sard
479 716 581 779 τόπον
617 719 749 791 κίνησιν·
774 714 835 794 ἅμα
859 715 921 800 γὰρ
945 713 1100 801 ἐνδέχεται
1127 713 1281 790 ὑπεξιέναι
1307 715 1408 791 ἆλλὴ-

181 832 273 913 λοις,
308 830 439 909 οὐδενὸς
475 834 571 912 ὄντος
605 828 817 913 διαστήματος
847 838 1007 918 χωριστοῦ
1043 830 1127 917 rapti
1161 832 1198 899 τᾶ
1221 835 1348 909 σώματα
1371 831 1409 898 τᾶ

180 953 366 1031 κινούμενα.
403 955 451 1015 καὶ
489 956 584 1013 τοῦτο
619 945 719 1023 δῆλον
753 953 801 1013 καὶ
829 950 862 1013 ἐν
900 957 968 1024 ταῖς
1006 952 1070 1014 τῶν
1106 955 1254 1036 συνεχῶν
1285 947 1408 1031 δίναις,

182 1069 285 1153 ὥσπερ
320 1072 368 1133 καὶ
399 1069 431 1132 ἐν
453 1074 522 1146 ταῖς
544 1070 608 1130 τῶν
631 1067 750 1151 ὑγρῶν.
796 1064 1019 1150 Principium,
1042 1066 1127 1151 quod
1149 1066 1351 1130 Democritus
1376 1072 1409 1130 et

184 1186 368 1270 Leucippus
390 1182 478 1248 hisce
501 1184 698 1267 argumentis
721 1182 943 1259 subiecerunt,
977 1181 1038 1248 hoc
1062 1189 1128 1265 est,
1151 1183 1236 1269 quod
1259 1184 1321 1247 duo
1341 1205 1408 1248 cor·

181 1323 259 1387 pora
289 1324 353 1366 non
388 1302 482 1364 simul
503 1301 616 1365 eodem
638 1300 707 1364 loco
731 1320 800 1365 essa
823 1306 975 1386 possunt:
1010 1300 1106 1364 huius
1129 1301 1277 1387 principii
1299 1308 1408 1366 tamen

182 1421 352 1484 Lucretius
373 1419 570 1483 mentionem
593 1440 656 1482 non
679 1418 764 1483 facit.

225 1535 335 1600 Genus
368 1534 654 1619 argumentationis
688 1534 831 1598 Lucretii
859 1539 891 1596 et
914 1533 1046 1619 Epicuri
1069 1535 1198 1598 omnino
1222 1541 1270 1598 est
1294 1535 1408 1599 simile.

181 1651 234 1715 Ab
266 1651 421 1715 eiusmodi
450 1649 789 1734 contemplationibus,
818 1671 895 1735 quas
918 1650 1093 1714 abstractas
1115 1671 1229 1714 vocare
1253 1650 1409 1734 solemus,

181 1775 315 1854 uterque
327 1768 496 1833 abhorret:
521 1767 578 1831 sed
592 1767 781 1850 Lucretius,
797 1767 962 1832 Romanae
982 1767 1097 1831 indolis
1113 1769 1289 1853 particeps,
1310 1769 1410 1833 etiam

183 1887 286 1971 magis
320 1907 415 1972 quam
454 1885 623 1970 Epicurus.
669 1884 719 1948 De
748 1891 792 1971 τῷ
825 1905 889 1948 ease
922 1885 1008 1970 loqui
1036 1885 1132 1971 idque
1167 1885 1298 1950 definire
1322 1886 1352 1950 ei
1374 1887 1412 1949 in

180 2009 322 2067 mentem
350 2024 414 2066 non
436 2003 543 2085 venit,
573 2023 764 2087 quamquam
787 2024 851 2066 non
874 2024 1145 2088 supervacaneum
1168 2003 1288 2067 fuisset.
1332 2003 1410 2067 Iure

180 2120 241 2185 hoc
274 2120 388 2184 vitium
420 2119 531 2184 Cicero
554 2117 721 2203 Epicureis
745 2119 851 2182 obicit.
897 2119 945 2183 Eo
969 2119 1119 2204 ambigua
1141 2141 1205 2184 non
1228 2141 1329 2206 pauca
1352 2141 1411 2184 ex·

181 2240 334 2305 stiterunt
357 2238 441 2324 apud
463 2237 671 2319 Lucretium,
696 2238 836 2322 exempli
859 2238 982 2321 gratia,
1007 2239 1040 2301 in
1063 2238 1295 2322 significatione
1317 2239 1410 2302 verbi

167 2342 257 2420 esse.
286 2355 378 2430 Quod
400 2377 496 2419 versu
519 2357 582 2420 440
607 2355 703 2420 dicit:
731 2376 806 2441 „per
829 2376 863 2419 se
886 2355 1106 2441 quodcumque
1130 2356 1212 2437 erit,
1235 2361 1290 2419 aut
1313 2355 1411 2419 faciet

183 2473 260 2559 quid
283 2479 338 2537 aut
361 2474 432 2537 aliis
454 2472 545 2557 fungi
568 2472 713 2556 debebit,
737 2472 907 2557 agentibus
930 2473 1055 2558 ipsum,
1080 2478 1135 2536 aut
1159 2473 1220 2536 erit
1236 2480 1271 2536 ut
1287 2473 1411 2558 possint

181 2591 215 2654 in
246 2612 283 2654 eo
306 2612 356 2654 res
380 2611 448 2654 esse
472 2590 635 2676 gerique'',
668 2589 748 2654 haec
771 2590 931 2675 tripartita
954 2589 1112 2652 sententia
1135 2589 1191 2652 vix
1215 2588 1412 2653 definitionis
1457 2588 1460 2594 ’

181 2706 280 2772 habet
302 2709 386 2772 vim:
416 2708 619 2793 perspicuum
643 2714 691 2771 est
713 2705 938 2792 philosophum
962 2728 1032 2771 eam
1055 2707 1219 2791 posuisse,
1241 2712 1412 2792 postquam

182 2825 294 2888 statuit
317 2833 439 2889 atomos
462 2831 495 2888 et
516 2826 611 2888 inane
635 2825 701 2889 sola
723 2846 781 2910 per
803 2846 837 2888 se
861 2846 929 2889 esse
950 2826 979 2907 ¹).
1016 2823 1126 2888 Nihilo
1149 2823 1273 2887 facilius
1296 2829 1344 2887 est
1366 2845 1412 2888 ex

182 2963 241 3025 eo,
273 2943 356 3029 quod
388 2943 483 3027 dicit,
515 2949 551 3007 ut
574 2943 687 3028 probet
709 2948 837 3028 praeter
858 2943 954 3006 inane
978 2948 1010 3005 et
1032 2962 1168 3006 vacuum
1190 2942 1322 3005 tertium
1344 2963 1411 3006 non

184 3079 274 3141 esse,
311 3058 529 3123 definitionem
565 3065 697 3144 petere:
744 3079 836 3141 „nam
860 3058 1068 3144 quodcunque
1092 3058 1173 3140 erit,
1198 3078 1267 3121 esse
1290 3057 1411 3144 aliquid

183 3175 313 3240 debebit
346 3176 380 3239 id
412 3174 599 3262 ipsum”²);
634 3176 660 3240 si
693 3176 782 3260 tangi
806 3181 931 3260 potest,
954 3176 988 3238 in
1016 3196 1183 3260 corporum
1205 3197 1338 3239 numero
1361 3181 1412 3239 est

182 3291 387 3375 habendum,
424 3294 450 3358 si
484 3294 573 3377 tangi
608 3315 672 3357 non
699 3299 822 3378 potest,
859 3293 899 3357 ad
921 3313 1057 3357 vacuum
1080 3293 1264 3378 pertinebit.
1309 3292 1410 3356 Arist.

183 3410 283 3495 Phys,
306 3411 366 3476 IV.
392 3413 431 3474 7:
463 3417 552 3494 σῶμα
575 3408 606 3477 δὲ
629 3412 729 3476 πάλιν
753 3411 837 3476 ἅπαν
860 3411 978 3475 οἴονται
1003 3409 1080 3475 εἶναι
1104 3411 1216 3476 ἁπτόν.
1261 3409 1411 3474 Vacuum

184 3529 343 3615 Epicurus
367 3529 470 3616 ἀναφῆ
494 3533 588 3616 φύσιν
611 3534 713 3592 vocat.
738 3528 778 3592 D.
802 3529 840 3592 L.
865 3528 907 3591 X.
931 3530 983 3591 40.

227 3648 329 3712 Inane
363 3648 462 3732 igitur
484 3669 548 3711 non
571 3647 633 3710 alio
656 3646 750 3711 modo
774 3653 819 3709 est
841 3667 935 3732 quam
958 3668 1071 3731 corpus
1087 3643 1134 3728 ³),
1169 3646 1246 3731 quin
1268 3645 1332 3710 imo
1356 3667 1411 3732 ap·

188 3843 381 3854 ——5—

220 3954 240 4007 ¹)
274 3955 344 4018 Epic.
362 3955 428 4018 apud
444 3954 476 4004 D.
487 3955 516 4004 L.
535 3953 574 4014 X,
593 3955 623 4006 67
641 3957 697 4004 καθ’
718 3953 811 4004 ἑαυτὸν
828 3954 852 4004 δὲ
869 3955 915 4005 οὐκ
932 3953 986 4004 ἔστι
1003 3957 1121 4014 νοῆσαι
1133 3938 1168 4002 'rb
1186 3953 1322 4016 ἀσώματον
1339 3954 1412 4012 πλὴν

189 4050 231 4100 ἰπὶ
249 4052 295 4100 τοῦ
312 4053 400 4101 κενοῦ.
423 4049 494 4102 τὸδὲ
512 4053 585 4102 κενὸν
602 4051 659 4100 οὔτε
677 4054 815 4108 ποιῆσαι
836 4049 895 4099 αὖτε
910 4049 1031 4098 παθεῖν
1049 4046 1174 4108 δύναται,
1195 4049 1264 4099 ἀλλὰ
1286 4048 1412 4106 κίνησιν

188 4146 268 4209 μόνον
286 4143 315 4193 δι’
334 4145 426 4195 ἑαυτοῦ
444 4149 498 4204 τοῖς
515 4147 613 4209 σώμασι
630 4148 778 4209 παρέχεται.

220 4239 242 4300 ²)
275 4239 318 4288 Vs.
337 4243 392 4288 433.

219 4333 240 4397 ³)
273 4333 396 4396 Epicurus
413 4350 511 4397 quoque
526 4333 640 4384 similiter
657 4351 709 4384 asse
725 4338 797 4397 putat
815 4338 843 4385 τὸ
860 4349 913 4382 esse
932 4335 976 4384 τοῦ
994 4334 1110 4396 σώματος
1128 4336 1153 4380 et
1170 4335 1215 4382 τοῦ
1233 4335 1315 4382 κενοῦ.
1344 4331 1412 4382 Plut.

187 4427 244 4474 adv.
263 4425 315 4475 Col.
335 4424 414 4474 XVI:
450 4429 591 4489 σοφώτερος
619 4429 643 4478 δὲ
662 4432 705 4477 τοῦ
725 4431 867 4484 Πλάτωνος
885 4429 897 4476 ὁ
915 4429 1082 4488 Ἐπίκουρος,
1100 4423 1117 4490 ᾖ
1135 4425 1222 4474 πάντα
1240 4423 1332 4488 ὁμοίως
1346 4427 1413 4476 ὄντα

188 4521 420 4586 προσαγορεύεται,
458 4525 486 4572 τὸ
518 4524 613 4586 ἀναφὲς
639 4525 727 4583 κενὸν,
756 4527 785 4574 τὸ
811 4521 959 4586 ἀντερεῖδον
982 4526 1068 4585 σῶμα,
1098 4522 1145 4578 τὰς
1167 4521 1265 4585 ἀρχὰς,
1295 4522 1327 4571 τὰ
1352 4538 1414 4586 ocy-

188 4612 308 4679 κρίματα,
