3196 5160
779 281 821 344 48

182 487 231 552 bis
265 485 482 567 exstitissent,
518 483 667 548 continuo
701 485 802 549 multa
834 483 953 549 mundo
988 489 1063 548 sunt
1085 482 1193 548 addita
1216 504 1350 569 corpora
1371 503 1413 546 ex

182 604 307 668 infinita
339 609 516 668 atomorum
550 603 661 687 copia,
684 602 770 666 unde
792 624 880 667 mare
904 609 936 667 et
959 609 1044 667 terra
1066 602 1251 667 crescebant
1276 607 1309 666 et
1333 601 1412 666 caeli

184 722 295 786 domus
317 720 414 784 fiebat
438 726 496 798 (vs.
523 721 605 783 1105
630 721 728 805 seqq.)

228 838 343 903 Omnia
376 837 417 901 ad
449 859 507 900 sua
533 857 652 921 genera
675 837 849 920 recedunt,
874 836 989 901 humor
1011 836 1051 902 ad
1073 837 1240 901 humorem
1267 843 1413 918 ,terreno

188 977 319 1042 corpore
354 961 440 1019 terra
463 955 577 1018 crescit
600 960 632 1018 et
665 955 773 1038 ignem
801 955 891 1039 ignes
914 956 1094 1041 procudunt
1116 976 1255 1041 aeraque
1279 955 1354 1019 aer”
1371 955 1413 1038 ¹),

185 1096 249 1138 non
272 1079 379 1138 tamen
401 1073 442 1137 ad
464 1071 679 1156 Anaxagorae
702 1075 842 1136 mentem
864 1073 928 1156 ita,
951 1080 987 1137 ut
1009 1073 1093 1157 ignis
1115 1073 1212 1136 atomi
1234 1072 1319 1156 ignis
1333 1072 1412 1154 sint,

185 1214 339 1278 aquarum
361 1190 534 1276 primordia
557 1212 661 1279 aqua„
686 1189 741 1254 sed
763 1196 799 1254 ut
822 1191 919 1254 atomi
935 1212 1016 1277 quae
1031 1190 1152 1273 forma,
1176 1188 1412 1273 magnitudine,

184 1309 325 1394 pondere
359 1313 452 1393 aptae
487 1307 550 1371 sint
583 1307 624 1371 ad
658 1307 738 1371 haec
773 1329 904 1394 corpora
937 1307 1122 1390 formanda,
1146 1306 1338 1371 conveniant
1373 1305 1414 1369 ad

184 1448 277 1490 suum
294 1446 438 1512 quaeque
462 1447 573 1509 genus.
608 1424 753 1489 Primum
774 1424 855 1489 haec
877 1426 998 1509 legenti
1020 1426 1100 1489 mira
1114 1425 1318 1488 videbuntur.
1354 1422 1413 1488 At-

182 1550 289 1608 tamen
324 1543 419 1628 plane
452 1564 523 1605 cum
554 1541 685 1627 Epicuri
709 1541 852 1606 doctrina
874 1543 1077 1605 conveniunt.
1123 1541 1211 1605 Ante
1235 1543 1343 1605 omnia
1366 1547 1413 1604 ta-

182 1683 257 1725 men
279 1660 454 1724 tenendum
478 1666 526 1722 est
548 1666 687 1741 terram,
723 1681 859 1744 aquam,
890 1672 1018 1742 aerem,
1049 1661 1156 1744 ignem
1180 1659 1319 1723 hicnon
1343 1680 1413 1722 esse

183 1784 345 1863 tamquam
380 1776 538 1840 elementa
572 1774 684 1838 eodem
718 1795 833 1858 sensu,
878 1797 940 1861 quo
975 1775 1184 1860 Empedocles
1214 1775 1331 1840 docuit.
1384 1775 1413 1838 E

184 1895 265 1960 libro
299 1895 409 1981 quinto
443 1915 490 1957 vs.
515 1895 578 1957 449
602 1913 688 1978 seqq.
712 1893 798 1956 enim
821 1898 954 1979 apparet
977 1892 1151 1956 secrmdum
1174 1893 1341 1976 gravitatis
1364 1914 1414 1956 ra-

186 2011 306 2074 tionem
328 2015 448 2072 atomos
472 2029 505 2071 se
539 2028 749 2092 congregasse
783 2007 850 2090 ita,
884 2014 920 2071 ut
942 2007 1121 2072 levissimae
1151 2009 1251 2072 altum
1281 2007 1416 2072 aethera

181 2115 337 2210 facerent,
372 2147 454 2212 quae
491 2125 596 2188 minus
631 2131 737 2188 essent
760 2126 867 2208 leves,
891 2147 1018 2208 aerem,
1042 2147 1123 2212 quae
1145 2147 1254 2189 rursus
1276 2125 1414 2189 maiores

182 2251 288 2309 essent
321 2244 489 2330 pondere,
525 2264 662 2329 aquam,
685 2243 890 2326 gravissimae
914 2243 1050 2329 denique
1073 2249 1200 2308 terram.
1246 2243 1295 2306 Eo
1318 2265 1415 2307 sensu

182 2368 307 2427 tantum
340 2361 447 2425 omnia
491 2361 550 2443 ,ad
580 2382 637 2424 sua
667 2361 771 2424 saecla
801 2361 995 2443 recedunt”;
1030 2383 1102 2424 cum
1125 2361 1282 2444 gravitate
1305 2367 1415 2425 autem

182 2480 283 2544 forma
298 2557 301 2562 Ι
317 2484 349 2542 et
383 2477 574 2561 magnitudo
604 2477 761 2541 artissime
784 2485 858 2542 sunt
880 2479 1025 2560 iunctae,
1048 2479 1228 2542 levissimae
1252 2478 1351 2541 atomi
1374 2478 1415 2540 si-

183 2598 251 2662 mul
285 2602 358 2661 sunt
382 2596 525 2660 maxime
549 2596 703 2659 rotundae
728 2602 760 2659 ct
782 2596 942 2660 minimae.
988 2597 1138 2661 Ceterum
1160 2596 1240 2660 haec
1263 2601 1416 2681 quattuor

184 2737 293 2780 rursus
329 2720 403 2779 sunt
434 2713 608 2798 composita
630 2734 672 2777 ex
695 2715 807 2777 atomis
830 2734 911 2799 quae
933 2713 1054 2796 forma,
1078 2714 1319 2798 magnitudine,
1344 2734 1416 2798 gra·

184 2833 284 2897 vitate
307 2833 392 2896 inter
416 2852 449 2894 se
472 2829 642 2912 differunt,
665 2831 770 2894 itaut
792 2830 833 2894 ad
856 2831 960 2895 varias
982 2852 1033 2895 res
1056 2832 1207 2895 creandas
1230 2832 1294 2894 sint
1307 2837 1413 2916 aptae.

187 2948 303 3014 Cetera
336 2947 370 3010 in
403 2947 485 3010 libro
520 2946 630 3032 quinto
666 2945 921 3031 explicabuntur.
967 2947 1110 3011 Tandem
1133 2947 1174 3011 ad
1195 2948 1416 3010 maturitatem

189 3066 278 3129 venit
300 3064 353 3128 hio
369 3064 523 3128 mundus:
547 3085 611 3127 non
634 3065 706 3149 plus
729 3064 904 3128 addebatur
926 3086 1020 3151 quam
1044 3064 1222 3147 defluebat,
1246 3064 1286 3128 ad
1297 3063 1416 3148 puber-

190 3187 289 3247 tatem
308 3182 406 3246 venit.
450 3181 490 3244 In
511 3181 679 3244 iuventute
702 3181 788 3245 enim
810 3182 882 3266 plus
905 3182 964 3245 sibi
988 3182 1158 3246 adsumunt
1182 3203 1276 3268 quam
1300 3181 1415 3244 demit·

189 3305 263 3363 tunt
300 3320 451 3384 corpora,
490 3299 638 3384 quoniam
674 3290 769 3363 'facile
806 3306 875 3362 tum
897 3300 931 3363 in
953 3300 1067 3363 vitales
1089 3320 1187 3363 venas
1210 3299 1416 3362 committunt

190 3423 333 3500 atomos,
372 3421 499 3479 etcum
521 3415 624 3499 magis
645 3420 810 3500 compacta
832 3415 895 3479 siut
917 3438 1012 3501 quam
1033 3417 1068 3480 in
1091 3422 1273 3498 senectute,
1306 3415 1417 3479 minus

122 3616 124 3619 v
188 3534 281 3601 facile
328 3533 492 3597 dimittunt
536 3553 609 3596 suas
654 3538 784 3597 atomos.
853 3532 1015 3617 Augmine
1055 3539 1197 3598 cessante
1246 3534 1417 3619 paullatim

189 3651 376 3715 relaxantur
412 3655 445 3713 et
477 3649 665 3713 minuuntur
698 3671 767 3733 res,
805 3651 918 3715 atomis
947 3651 1080 3715 amissis.
1124 3652 1176 3716 Sic
1215 3657 1300 3715 terra
1328 3675 1417 3719 nunc

192 3771 289 3832 etiam
325 3766 479 3831 decrescit
492 3767 527 3850 ²).
571 3766 640 3830 Iam
675 3767 811 3830 senescit
844 3789 948 3854 neque
970 3769 1107 3853 amplius
1129 3790 1245 3853 magna
1267 3777 1418 3854 procreat

192 3885 362 3968 animalia,
389 3905 489 3970 „quae
523 3889 637 3947 cuncta
664 3869 783 3948 creavit
807 3885 910 3949 saecla
934 3885 1083 3972 deditque
1106 3886 1244 3950 ferarum
1270 3887 1418 3970 ingentia

192 4023 323 4087 corpora
344 4001 469 4087 partu”.
519 4002 669 4087 ,Iamque
693 4007 788 4087 caput
816 4024 967 4088 quassans
990 4003 1118 4087 grandis
1145 4003 1281 4088 suspirat
1307 4010 1418 4068 arator

192 4119 333 4182 crebrius
351 4119 524 4183 incassum
560 4141 712 4183 manuum
748 4119 899 4184 cecidisse
936 4120 1060 4184 labores
1097 4126 1129 4183 et
1167 4142 1239 4184 cum
1269 4126 1418 4206 tempora

195 4268 412 4282 μῇῄ

134 4361 137 4366 ·
225 4336 242 4392 ¹)
276 4336 319 4386 Vs.
338 4340 400 4386 1144
417 4353 469 4402 sqq.

224 4431 245 4493 2)
280 4432 309 4481 D.
322 4431 343 4480 L
363 4432 404 4492 X,
418 4432 464 4490 73,
478 4433 524 4484 74:
538 4436 578 4484 καὶ
590 4436 672 4486 πάλιν
684 4435 816 4486 διαλύεται
828 4437 923 4498 πάντα,
937 4438 969 4485 τὰ
987 4437 1033 4499 μὲν
1045 4439 1144 4488 θᾶττον
1156 4434 1187 4486 τά
1203 4437 1227 4487 δὲ
1238 4436 1414 4502 βραδύτερον,

193 4526 235 4575 καὶ
258 4523 291 4575 τά
315 4527 359 4588 μὲν
382 4524 434 4578 ὑπὸ
457 4526 558 4577 τοιῶνδε
586 4527 619 4579 τᾶ
642 4529 717 4582 δ’ὑπὸ
741 4530 842 4581 τοιῶνδε
867 4533 943 4582 τοῦτο
971 4532 1127 4595 πάσχοντα.
1143 4530 1222 4591 δῆλον
1246 4531 1292 4581 οὖν
1315 4533 1349 4590 ὡς
1372 4535 1416 4583 καὶ

193 4619 302 4682 φθαρτοὶ
320 4619 343 4669 oi
365 4620 467 4682 κόσμοι,
491 4621 712 4687 μεταβαλλόντων
735 4630 786 4674 τῶν
809 4631 896 4690 μερῶν.
