3196 5160
766 281 825 342 177

185 477 310 563 dignior
331 478 539 567 philosophus
562 481 754 545 exstitissc”.
778 480 927 546 Reisack.
951 480 989 555 Q.
1005 481 1043 545 L.
1060 503 1091 567 p.
1116 482 1167 544 37.
1205 480 1237 544 A
1260 480 1406 565 magistri

184 596 236 660 via
266 597 409 661 conscius
439 619 502 662 non
526 599 690 663 aberrasse
713 599 861 682 videtur,
897 599 1034 683 vestigia
1057 599 1125 662 eius
1148 604 1184 662 ut
1207 620 1317 662 omnes
1339 598 1405 663 fere

184 711 315 800 Epicuri
338 714 485 800 discipuli
504 716 551 799 ¹),
579 738 703 780 summa
725 739 797 780 cum
820 717 940 802 pietate
963 716 1096 803 pressit,
1123 722 1286 780 ettamen
1310 716 1406 780 etiam

184 831 211 894 si
245 833 352 898 omnia
383 834 528 918 magistri
558 855 654 920 opera
677 840 816 899 aetatem
840 835 1008 917 tulissent,
1043 835 1186 900 Lucretii
1209 856 1337 899 carmen
1361 834 1406 898 di·

184 968 283 1032 gnum
306 956 389 1014 esset
412 950 496 1036 quod
517 950 636 1014 iterum
659 956 755 1037 atque
778 951 896 1015 iterum
918 952 1091 1036 legeretur.

227 1064 291 1129 Sed
313 1071 484 1152 antequam
507 1066 540 1130 id
564 1067 787 1149 ostendamus,
812 1088 922 1130 eorum
945 1073 993 1131 cst
1016 1067 1122 1152 opinio
1138 1067 1327 1151 refellenda,
1351 1067 1406 1154 qui

183 1189 312 1268 poetam
345 1185 490 1268 magistri
525 1183 701 1248 doctrinam
736 1191 946 1249 commutasse
982 1185 1187 1248 contendunt.
1233 1186 1324 1248 inter
1353 1205 1406 1249 eos

183 1301 323 1387 primum
353 1308 486 1386 occupat
519 1302 638 1384 locum¹
659 1303 806 1366 Ritterus
822 1303 857 1386 2).
901 1303 940 1367 In
975 1303 1013 1366 iis
1042 1303 1139 1386 locis,
1170 1303 1225 1366 ubi
1247 1309 1343 1389 poeta
1366 1303 1405 1367 ab

184 1417 316 1504 Epicuri
343 1418 485 1484 doctrina
508 1419 687 1484 discessisse
711 1420 848 1503 dicitur,
879 1421 1004 1506 poetico
1027 1421 1155 1504 ingenio
1179 1442 1252 1484 eum
1276 1420 1406 1484 ductum

185 1556 254 1599 esse
295 1542 387 1621 putat
424 1537 579 1609 Ritterus.
624 1538 738 1625 Itaque
776 1538 939 1602 contendit
976 1545 1103 1623 poetam
1152 1538 1216 1620 ,ita
1248 1538 1405 1602 Naturam

185 1652 381 1736 describere,
405 1660 441 1717 ut
465 1675 535 1718 eam
558 1660 722 1741 tamquam
745 1655 810 1718 vim
834 1677 930 1718 unam
953 1655 1059 1718 omnia
1081 1655 1114 1718 in
1137 1676 1170 1718 se
1193 1655 1406 1740 complecten-

185 1775 250 1833 tem
284 1778 317 1835 et
350 1770 391 1834 ad
422 1772 622 1836 concordiam
645 1779 677 1836 et
700 1773 940 1837 consensionem
962 1772 1089 1856 singula
1111 1793 1256 1858 quaeque
1277 1771 1405 1840 concili-

184 1892 292 1951 antem
329 1892 362 1951 et
399 1896 641 1974 componentem
678 1889 797 1954 habere
831 1889 1010 1954 rideatur”.
1066 1889 1210 1953 Lucretii
1246 1889 1404 1953 Naturam

185 2006 274 2091 quasi
308 2006 417 2071 vivere
453 2013 485 2071 et
520 2009 693 2073 animatam
717 2030 786 2073 esse
810 2009 906 2091 dicit,
930 2030 1002 2073 cum
1024 2007 1157 2093 Epicuri
1178 2006 1303 2070 Natura
1325 2012 1404 2070 tam-

184 2146 279 2210 quam
301 2131 403 2189 morte
427 2132 574 2190 teneatur
587 2127 621 2205 ³).
667 2127 842 2212 Exempla,
866 2147 947 2213 quae
971 2126 1080 2208 affert,
1105 2104 1211 2189 omnia
1233 2131 1306 2189 sunt
1322 2126 1404 2189 eius-

184 2241 291 2325 modi,
325 2247 361 2305 ut
383 2242 514 2306 minime
537 2249 613 2328 apta
635 2243 726 2306 nobis
748 2243 937 2325 videantur,
967 2264 1048 2328 quac
1071 2242 1190 2306 Ritteri
1213 2242 1404 2306 sententiam

183 2358 336 2443 probent,
361 2381 433 2422 cum
456 2358 631 2444 Epicurum
647 2359 732 2424 idem
747 2382 875 2446 prorsus
891 2360 1034 2424 docuisse
1051 2381 1146 2444 supra
1164 2359 1403 2423 ostenderimus.

184 2474 231 2538 Ut
247 2496 345 2540 unum
358 2483 390 2540 et
405 2477 464 2540 hoc
479 2477 701 2561 grauissimum
718 2477 907 2542 afferamus:
932 2500 969 2542 co
985 2498 1138 2563 apparere
1152 2478 1297 2541 Ritterus
1311 2482 1405 2562 putat

184 2592 370 2657 Lucretium
384 2600 530 2659 naturam
542 2600 704 2681 tamquam
719 2595 914 2659 animantem
927 2594 1093 2677 habuisse,
1112 2594 1196 2680 quod
1212 2615 1322 2658 eorum
1338 2593 1404 2679 opi·

184 2710 312 2774 nionem
335 2733 399 2774 non
422 2718 607 2798 oppugnet,
632 2713 686 2798 qui
708 2719 793 2777 astra
816 2713 905 2799 quasi
927 2712 1077 2776 animalia
1100 2733 1192 2775 suum
1215 2711 1322 2775 cibum
1345 2709 1404 2775 sibi

184 2830 370 2914 quaerentia
393 2850 461 2893 esse
484 2830 686 2894 contendant.
721 2829 767 2894 At
789 2830 823 2893 in
845 2829 926 2892 libro
949 2829 981 2893 V
1004 2831 1087 2913 (pag.
1114 2829 1184 2909 121)
1208 2826 1404 2891 ostendimus

184 2952 340 3032 quatenus
363 2953 459 3032 poeta
483 2968 555 3010 cum
578 2947 730 3032 magistro
754 2946 942 3011 consentiat.
988 2944 1080 3020 Quod
1104 2945 1130 3007 si
1152 2944 1288 3028 legeris,
1311 2944 1404 3008 facile

184 3063 338 3127 concedes
372 3085 414 3127 ex
448 3064 603 3128 eiusmodi
631 3064 825 3149 metaphoris
858 3062 939 3126 nihil
970 3061 1051 3126 effici
1073 3082 1181 3148 posse,
1216 3062 1404 3147 pracsertim
1466 3121 1468 3124 .

184 3202 257 3245 cum
290 3182 375 3266 apud
408 3182 582 3267 Epicurum
615 3203 679 3244 non
710 3182 815 3244 minus
846 3179 1031 3244 temerarias
1064 3179 1280 3242 inveniamus:
1316 3177 1404 3244 ἀλλὰ

183 3301 246 3382 μὴν
268 3298 468 3374 ὑποληπτέον
493 3303 542 3365 καὶ
565 3301 623 3374 τὴν
647 3303 743 3384 φύσιν
765 3298 876 3364 πολλὰ
900 3302 948 3363 καὶ
971 3306 1104 3363 παντοῖα
1130 3298 1191 3362 ὑπὸ
1214 3300 1277 3362 τῶν
1301 3296 1404 3360 αὐτῶν

183 3417 377 3499 πραγμάτων
400 3413 589 3502 διδαχθῆναί
610 3443 642 3480 τε
665 3419 713 3479 καὶ
736 3415 975 3500 ἀναγκασθῆναι
989 3414 1027 3496 4).
1050 3450 1090 3458 -
1128 3413 1225 3496 Χάρις
1248 3416 1286 3497 τῇ
1307 3440 1404 3494 μακα-

217 3677 236 3744 ¹)
272 3677 310 3727 ef.
328 3676 476 3727 Untersuch.
494 3692 528 3725 zu
544 3675 651 3726 Cicero's
666 3673 881 3739 philosophischen
894 3672 1019 3724 Schriften
1030 3687 1080 3723 von
1091 3669 1187 3721 Rudolf
1195 3668 1298 3731 Huzai,
1319 3671 1332 3720 1
1343 3668 1402 3731 uh..

202 3776 286 3822 .98s
335 3808 341 3820 .

183 3788 235 3927 pb
270 3788 417 3917 ebddhichte
441 3867 484 3916 der
507 3865 666 3930 Philosophie
683 3882 732 3917 von
749 3866 793 3914 Dr.
812 3863 933 3915 Heinrich
950 3861 1038 3912 Ritter.
1055 3860 1153 3912 Vicrter
1169 3858 1255 3920 Theil,
1273 3861 1303 3908 20
1318 3857 1402 3920 Aua,

183 3977 240 4027 res·
259 3966 289 4012 ⁸9
306 3978 373 4027 seon·

149 4124 150 4127 ¹
216 4057 236 4123 ³)
271 4058 332 4121 Pag.
351 4060 389 4107 94.
422 4056 500 4118 „Dies
516 4056 584 4120 aeigt
599 4054 652 4106 sich
668 4055 799 4106 besonders
815 4053 902 4115 darin,
919 4054 975 4103 dass
991 4051 1031 4101 die
1047 4051 1129 4100 Natur
1144 4050 1197 4098 und
1212 4047 1266 4098 ihre
1282 4048 1403 4098 Bestnnd-

184 4153 260 4204 theile
283 4153 318 4202 im
341 4153 511 4217 Allgemeinen
533 4151 608 4202 theiis
624 4151 670 4201 auf
683 4151 738 4200 eine
754 4149 805 4200 viel
820 4148 989 4212 lebendigere‚
1013 4146 1087 4197 theiis
1104 4145 1150 4195 auf
1163 4145 1217 4194 cine
1232 4142 1403 4207 mannigfalti·

184 4263 241 4311 gere
258 4246 342 4296 Weise
358 4262 408 4296 von
424 4245 554 4296 Lucretius
571 4245 718 4310 geschildert
733 4245 845 4303 werden,
869 4242 905 4291 uls
922 4258 948 4290 es
964 4240 1004 4290 die
1020 4241 1088 4289 todte
1104 4239 1156 4287 und
1172 4236 1319 4300 einfbrmige
1335 4236 1402 4302 Phy-

185 4340 224 4391 sik
246 4342 290 4390 der
312 4340 449 4404 Epiknreer
465 4357 498 4388 zu
516 4343 652 4389 verstatten
669 4337 760 4388 schien.
778 4365 810 4374 -
826 4337 886 4400 Peg.
904 4339 951 4385 95:
976 4335 1037 4384 alles
1053 4332 1105 4382 dies
1121 4331 1402 4395 Vorstellungsweisen‚

185 4435 278 4485 welche
302 4436 350 4485 den
372 4436 457 4484 todten
481 4435 581 4484 Messon
597 4435 640 4483 der
659 4430 830 4497 epikurischen
853 4429 923 4480 Welt
939 4429 1010 4480 einen
1028 4426 1154 4477 Ansohein
1171 4427 1213 4476 des
1230 4425 1326 4476 Lebens
1343 4425 1401 4474 mit·

184 4530 285 4582 theilerr.

216 4625 238 4691 ⁴)
272 4627 304 4678 D.
322 4627 350 4679 L.
365 4626 405 4686 X,
424 4626 463 4680 75.

1231 4711 1271 4775 12
