3196 5160
741 307 759 367 9

65 585 71 593 ,
143 509 356 574 Silbenmaass
390 510 465 574 oder
501 511 534 573 in
568 510 683 574 Reime
712 508 883 593 gebrachte
908 507 1036 594 System
1060 506 1113 570 ein
1137 504 1276 568 Gedicht
1299 503 1367 567 sein

34 617 37 623 ’
142 625 268 690 werde”
287 629 316 703 ¹).
413 621 417 634 '

186 744 235 808 Dc
269 745 392 808 meritis
426 750 533 808 autem
567 743 710 806 Lucretii
732 743 765 805 in
788 741 989 828 philosophia
1023 762 1151 826 prorsus
1176 738 1368 802 dissentiunt

141 862 353 944 recentiores,
389 862 443 947 qui
476 861 536 925 hac
568 861 606 924 de
629 883 663 924 re
687 861 906 941 disserebant,
938 859 1030 923 docti.
1078 858 1158 922 Oum
1181 854 1368 920 Eichstaed-

141 973 240 1054 tius²l
274 976 410 1041 affirmet
442 977 585 1041 Lucretii
620 997 747 1040 carmen
782 976 863 1038 nihil
897 975 984 1038 aliud
1020 995 1088 1038 esse
1117 994 1213 1059 quam
1236 970 1366 1056 Epicuri

142 1093 317 1157 doctrinam
340 1094 483 1158 versibus
506 1094 681 1175 redditam,
713 1094 858 1157 Ritterus
875 1098 897 1170 ³)
936 1099 1047 1156 contra
1082 1090 1245 1155 contendit
1267 1089 1368 1151 multa

141 1209 282 1273 Lucretii
307 1211 433 1296 propria
456 1231 534 1292 esse,
559 1211 672 1295 quibus
689 1231 722 1274 se
746 1213 858 1294 probet
873 1208 1099 1295 philosophum
1115 1227 1218 1292 neque
1242 1211 1366 1268 tantum

141 1325 257 1390 Graeci
291 1327 472 1413 philosophi
495 1330 704 1414 interpretem
728 1349 805 1391 esse.
852 1314 949 1390 Hunc
980 1334 1086 1390 tamen
1110 1326 1252 1389 Zellerus
1276 1322 1368 1385 refel-

140 1443 208 1506 lere
238 1450 370 1507 conatur
380 1442 427 1527 4),
451 1446 501 1508 cui
524 1466 633 1508 rursus
655 1445 798 1528 Longius
811 1442 834 1521 ⁵)
859 1467 922 1508 non
945 1450 1050 1529 potest
1074 1441 1219 1506 assentiri
1244 1438 1367 1503 etiamsi

139 1561 332 1625 Bernhardii
346 1563 370 1646 ὓ)
405 1564 588 1648 opinionem
622 1564 753 1627 minime
776 1563 885 1628 laudat
909 1564 1085 1627 censentis:
1109 1615 1110 1618 ,
1136 1559 1278 1645 ,Epikur
1302 1556 1368 1620 und

140 1679 211 1742 sein
240 1679 381 1764 Anhang
415 1682 519 1764 gaben
542 1681 647 1745 niehts
671 1683 717 1744 als
740 1682 790 1745 die
815 1681 1027 1745 Grundliniiin
1051 1680 1139 1743 einer
1161 1675 1368 1761 Naturphilo-

139 1795 283 1880 sophie.”
309 1847 315 1860 .
341 1847 348 1860 .
374 1847 380 1861 .
405 1798 574 1862 Lucretius
597 1800 788 1864 unternahm
811 1822 877 1863 nun
900 1800 958 1862 mit
981 1798 1075 1862 Kraft
1098 1796 1163 1860 und
1177 1795 1367 1877 Intelligenz

140 1912 245 1977 dieses
276 1915 403 2000 System
438 1916 493 1980 der
527 1917 773 1982 mechanischen
800 1919 905 1982 Natur
927 1917 1149 1996 auszubauen,
1175 1912 1256 1977 doch
1279 1909 1368 1974 nicht

140 2052 198 2094 um
217 2031 287 2095 der
320 2033 555 2099 Wissenschaft
589 2058 628 2099 zu
663 2035 800 2119 dienen,
837 2036 973 2100 sondern
1006 2056 1061 2098 um
1091 2033 1145 2096 das
1181 2029 1288 2095 Recht
1312 2029 1368 2091 der

139 2149 364 2234 persbnlichen
401 2152 545 2216 Frciheit
582 2153 789 2237 unabhaingig
826 2175 889 2217 van
926 2153 1092 2236 religioser
1129 2149 1294 2213 autoritas
1328 2168 1367 2208 zu

139 2271 257 2331 retten.
303 2268 413 2333 Daher
448 2270 540 2334 sucht
575 2291 609 2334 er
644 2271 705 2335 den
740 2270 914 2335 menschen
949 2269 1048 2333 durch
1082 2266 1227 2332 Einsicht
1249 2266 1282 2328 in
1307 2264 1368 2327 den

140 2383 302 2468 Urgrund¹
331 2386 396 2449 und
428 2387 483 2451 das
515 2388 638 2452 Wesen
672 2389 727 2453 der
761 2389 867 2472 Dinge
898 2410 960 2451 von
994 2387 1073 2450 aller
1096 2384 1281 2464 Tradition,
1305 2403 1368 2445 von
1458 2450 1461 2455 ,

140 2500 396 2586 thterglauben
418 2505 484 2568 und
507 2506 718 2571 Todesfurcht
741 2528 780 2569 zu
802 2506 944 2570 befreien
966 2504 1032 2568 und
1055 2504 1113 2568 auf
1132 2504 1244 2586 cigcne
1267 2502 1368 2565 Fiisse

140 2640 183 2682 zu
216 2621 327 2684 stellen
344 2623 373 2703 ,”
413 2644 494 2708 quae
527 2625 626 2688 verba
660 2625 784 2707 Langio
818 2623 968 2686 videntur
1002 2623 1135 2685 nimium
1168 2620 1270 2685 laudis
1304 2619 1368 2683 Lu·

141 2734 242 2799 cretio
265 2736 444 2802 adscribere
460 2745 492 2803 et
508 2739 640 2824 Epicuri
655 2741 769 2804 merita
783 2741 938 2803 minuere.
957 2777 996 2785 -
1024 2738 1087 2802 Sed
1111 2737 1190 2801 haec
1213 2737 1276 2799 iam
1294 2735 1369 2798 satis

142 2858 237 2916 erunt
259 2859 295 2916 ut
319 2861 471 2940 appareat
493 2878 558 2920 non
580 2864 701 2921 temere
724 2880 780 2921 nos
796 2864 908 2942 putare
931 2857 1069 2919 intanta
1085 2854 1369 2918 eruditissimorum
1439 2922 1440 2926 ,

140 2966 307 3033 hominum
326 2971 514 3037 iudiciorum
538 2974 770 3060 discrepantia,
806 2995 922 3059 operae
947 2994 1015 3037 esse
1039 2973 1216 3058 praemium
1238 2970 1369 3033 investi-

141 3105 235 3169 gare,
266 3109 348 3173 quae
382 3089 445 3153 sint
479 3091 622 3155 Lucretii
645 3092 678 3155 in
702 3091 903 3177 philosophia
925 3091 1059 3172 merita,
1093 3110 1171 3152 num
1194 3088 1369 3172 Epicurum

83 3215 87 3218 ’
140 3207 266 3266 tantum
299 3205 527 3292 interpretatus
559 3208 621 3291 sit,
653 3231 694 3272 an
717 3209 787 3273 aliis
810 3230 936 3296 quoque
959 3207 1220 3293 philosophorum
1244 3205 1369 3290 scriptis

141 3319 300 3385 studuerit
324 3328 356 3386 et
379 3345 436 3387 sua
459 3332 588 3410 reperta
611 3326 780 3390 inseruerit
805 3330 828 3411 ).

175 3541 194 3606 ¹)
230 3540 356 3604 Lessing’s
381 3542 486 3592 simmtl.
511 3542 580 3592 Schr.
597 3544 742 3608 hcrausgeg.
761 3561 811 3595 von
828 3544 928 3594 Lachm.
947 3543 998 3592 und
1014 3541 1162 3601 Maltsahn,
1181 3540 1230 3589 vol.
1247 3539 1286 3600 V,
1303 3555 1327 3601 p.
1346 3540 1367 3590 7.

175 3635 193 3694 ²)
229 3635 267 3685 ef.
286 3636 376 3685 Bernh.
396 3638 503 3687 Grundr.
521 3639 565 3688 der
581 3645 640 3688 rom.
659 3640 764 3700 Litteu,
781 3657 805 3703 p.
824 3643 879 3688 532.

174 3728 192 3788 ³)
226 3727 377 3778 Gesohiohte
393 3730 437 3778 der
455 3729 630 3794 Philosophia,
648 3732 697 3792 vol,
716 3732 769 3793 IV,
787 3748 843 3796 pag.
862 3735 900 3780 89.

174 3823 194 3888 ⁴)
229 3823 321 3884 Zeller‚
339 3824 379 3874 die
395 3824 555 3888 Philosophie
572 3826 615 3875 der
634 3826 755 3876 Griechen
773 3827 832 3886 III,
852 3831 879 3886 l,
898 3830 923 3875 2Β
940 3827 1018 3887 nun,
1038 3827 1055 3876 S
1073 3829 1128 3875 499.

174 3917 194 3979 ⁵)
229 3919 322 3967 Friedr.
340 3918 396 3967 Alb.
417 3919 517 3983 Lange,
535 3920 625 3971 Gosch.
643 3922 685 3970 des
704 3922 791 3970 Mater.
811 3925 836 3970 3⁸
853 3923 937 3982 nun,
954 3937 1010 3985 pag.
1033 3925 1083 3970 100.

175 4011 194 4076 Β)
230 4011 363 4062 Grundriss
386 4013 403 4061 l.
426 4013 460 4074 l.‚
485 4013 543 4063 edit.
566 4018 597 4075 5,
624 4018 692 4067 1872.
727 4015 838 4078 Longius
856 4015 931 4064 aliam
948 4015 993 4064 sub
1011 4014 1088 4064 oeulis
1104 4013 1220 4064 habuisse
1236 4013 1369 4062 sditionem

139 4105 248 4157 videtur.

174 4202 195 4264 ⁷)
229 4202 352 4252 Versuum
376 4219 491 4253 numeros
519 4221 607 4268 sequor
634 4205 855 4255 Lachmanniancs.
890 4205 992 4268 Epicuri
1020 4206 1155 4254 doctrinam
1182 4204 1310 4254 hausimus
1338 4219 1369 4252 ex

139 4295 253 4360 epistolis
280 4297 333 4347 eins
353 4299 419 4362 apud
441 4298 516 4363 Diog.
538 4301 618 4348 Laert.
637 4301 691 4350 libr.
711 4301 738 4349 X
756 4300 840 4362 (editio
858 4301 952 4359 Cobeti]
970 4308 995 4349 et
1012 4301 1076 4350 Voll.
1095 4301 1196 4350 Hercul.
1214 4300 1293 4362 Neap.
1311 4297 1368 4348 edit.

138 4393 222 4457 priore
238 4397 263 4443 st
279 4393 357 4442 altera
373 4393 530 4454 collectione,
558 4412 571 4444 e
589 4396 665 4445 Sexto
683 4395 822 4458 Empirico,
841 4396 961 4456 Stobaeo,
980 4397 1114 4445 Plutarcho
1130 4396 1235 4459 aliisque
1253 4395 1368 4455 Graecis,

138 4503 156 4537 e
173 4486 270 4550 seriptis
294 4486 418 4538 Ciceronis
435 4490 464 4538 de
482 4489 587 4538 Finibus
606 4489 653 4553 (ed.
672 4488 824 4553 Madvigius)
842 4491 872 4539 de
889 4491 985 4540 Natura
1002 4492 1102 4540 deorum
1119 4491 1205 4549 (edidit
1222 4490 1370 4540 Schoeman-

138 4580 209 4640 nius)
225 4580 344 4647 aliisque,
361 4598 424 4647 quae
440 4582 533 4646 passim
549 4582 711 4632 laudabimus.

547 4670 859 4877 2,—
