3196 5160
762 277 824 339 114

183 486 351 546 currerunt
376 479 493 562 atomi,
516 484 552 542 ut
575 477 627 541 hic
649 478 787 542 mundus
811 485 1007 544 exereretur.
1053 479 1198 543 Primum
1221 480 1318 545 chaos
1333 487 1417 545 erat.

185 599 268 682 ,Hie
303 620 409 684 neque
443 604 512 661 tum
536 597 610 660 solis
633 601 703 660 rota
727 597 813 660 cerni
836 598 957 661 lumine
980 599 1069 682 large
1092 599 1262 663 altivolans
1285 606 1417 684 poterat

182 740 241 782 nec
263 718 372 801 magni
396 716 500 780 sidera
522 714 633 777 mundi
656 735 716 777 nec
739 736 826 778 mare
850 738 908 779 1199
932 717 1057 780 caelum
1080 738 1139 780 nec
1163 717 1301 802 denique
1324 723 1416 782 terra

182 855 286 920 neque
321 839 375 897 adr
410 853 469 896 nec
505 831 617 894 similis
651 832 766 894 nestris
800 832 896 894 rebus
926 853 978 895 199
1001 833 1067 896 ulla
1089 833 1213 915 videri,
1249 834 1305 897 sed
1328 855 1414 896 nova

181 957 356 1037 tempestas
390 948 547 1035 quaedam
582 949 744 1033 molesque
779 955 886 1012 codrta
917 971 1009 1012 omne
1042 971 1142 1033 genus
1166 951 1205 1013 de
1228 951 1413 1035 principiis,

182 1068 339 1132 discordia
369 1088 503 1152 quorum
538 1066 707 1129 intervalla
729 1066 796 1129 vias
820 1088 961 1130 conexus
983 1056 1124 1152 pondera
1146 1069 1257 1153 plagas
1281 1089 1413 1131 concur-

183 1209 235 1250 sus
269 1192 374 1250 motus
408 1184 557 1247 turbabat
591 1184 712 1268 proelia
746 1185 903 1265 miscens,
935 1193 1064 1270 propter
1100 1186 1259 1249 dissimilis
1293 1187 1413 1250 formas

181 1305 349 1390 variasque
379 1303 497 1388 figuras
529 1299 612 1386 qued
636 1321 700 1363 non
724 1303 829 1364 omnia
852 1303 895 1365 sic
919 1309 1066 1386 poterant
1089 1304 1257 1368 coniuncta
1279 1325 1413 1368 manere

182 1443 241 1485 nec
265 1427 369 1484 motus
393 1421 477 1482 inter
500 1439 568 1481 sese
592 1416 666 1481 dare
691 1419 918 1481 convenientis.
968 1419 1134 1503 Diffugere
1156 1421 1230 1484 inde
1253 1422 1315 1486 loci
1339 1444 1413 1507 par-

180 1545 230 1603 tes
261 1558 416 1623 coepere,
451 1556 606 1620 paresque
631 1556 703 1598 cum
726 1535 855 1619 paribus
877 1535 967 1619 iungi
990 1558 1041 1599 res
1064 1543 1097 1600 et
1120 1538 1295 1602 discludere
1317 1561 1413 1602 mun-

182 1656 257 1719 dum
291 1655 496 1739 membraque
528 1652 670 1715 dividere
701 1652 1412 1739 911993119911199999191191199,1199991,

181 1795 201 1836 9
234 1772 327 1836 191119
361 1772 461 1835 altum
492 1790 658 1833 secernere
692 1769 837 1850 caelum,
874 1777 905 1833 et
940 1792 1082 1834 seorsum
1105 1793 1192 1835 mare
1216 1774 1262 1836 uti
1286 1781 1413 1838 secreto

181 1911 292 1953 umore
326 1894 471 1975 pateret,
507 1908 631 1949 seorsus
665 1887 743 1949 item
776 1887 848 1971 puri
883 1889 1059 1974 secretique
1087 1889 1226 1953 aetheris
1248 1891 1360 1974 ignes”
1376 1893 1413 1973 ¹).

138 2078 139 2081 Ἴ
183 2007 305 2071 Graves
339 2011 444 2068 terrae
479 2003 654 2089 particulae
688 2003 826 2088 primum
857 2003 1003 2084 „coibant
1026 2005 1060 2067 in
1082 2005 1187 2069 medie
1210 2012 1306 2091 atque
1329 2007 1415 2071 imas

184 2123 372 2210 capiebant’'
397 2121 508 2203 sedes,
532 2143 593 2206 que
616 2121 698 2183 facto
722 2094 795 2183 illae
822 2141 1028 2205 „expressere
1052 2143 1090 2184 99
1105 2143 1186 2207 quae
1201 2144 1288 2186 mare
1305 2123 1416 2189 sidera

184 2243 283 2306 solem
305 2241 478 2326 lunamque
502 2239 664 2302 efficerent
688 2245 720 2301 et
743 2239 850 2322 magni
865 2239 992 2302 moenia
1006 2240 1158 2303 mundi”:
1182 2241 1296 2303 horum
1310 2243 1416 2304 atomi

185 2358 270 2422 enim
292 2357 429 2421 leviores
452 2361 526 2419 sunt
550 2377 645 2440 quam
662 2361 775 2418 terrae.
810 2356 928 2438 ,Idee,
951 2377 1008 2441 per
1023 2378 1095 2420 1919
1109 2357 1280 2439 feramina,
1304 2364 1415 2422 terrae

184 2473 327 2560 partibus
362 2493 532 2556 erumpens
563 2472 684 2556 primus
719 2493 751 2535 se
786 2472 913 2535 sustulit
947 2472 1058 2536 aether
1091 2473 1207 2556 ignifer
1237 2480 1269 2537 et
1290 2475 1416 2538 multos

185 2611 292 2655 seeum
315 2589 395 2653 levis
418 2588 551 2652 abstulit
572 2588 676 2671 ignis,
700 2609 764 2652 nen
787 2589 849 2651 alia
872 2589 966 2673 longe
990 2590 1112 2653 ratione
1135 2611 1172 2653 ac
1188 2611 1282 2674 saepe
1297 2590 1415 2654 viden-

184 2715 255 2792 tur,
289 2729 386 2773 aurea
419 2729 491 2771 cum
526 2707 664 2793 primum
699 2706 888 2790 gemmantis
921 2727 992 2770 rore
1026 2728 1084 2791 per
1114 2707 1229 2771 herbas
1251 2709 1416 2773 matutina

185 2825 301 2890 rubent
333 2825 449 2889 radiati
471 2825 593 2887 lumina
616 2824 710 2906 solis,
746 2824 875 2887 exalare
896 2824 984 2886 lacus
1006 2824 1157 2887 nebulam
1179 2825 1331 2910 fluviique
1354 2847 1416 2910 pe-

183 2963 320 3026 rennes,
344 2943 476 3028 ipsaque
500 2948 535 3004 ut
558 2943 643 3004 inter
666 2940 741 3004 dum
764 2941 860 3004 tellus
882 2941 1004 3004 fumare
1027 2941 1174 3024 videtur;
1199 2943 1305 3004 omnia
1327 2964 1416 3027 quae

183 3081 308 3124 sursum
341 3081 413 3122 cum
448 3058 672 3139 conciliantur,
712 3057 744 3120 in
779 3058 843 3120 alto
882 3077 1012 3143 corpore
1051 3065 1198 3121 concrete
1232 3058 1416 3125 subtexunt

182 3177 293 3240 nubila
331 3175 476 3240 caelum”
490 3176 524 3258 2).
572 3175 711 3238 Ultimas
746 3195 947 3259 summasque
981 3175 1080 3258 igitur
1115 3177 1282 3261 occupavit
1317 3178 1417 3242 sedes

183 3294 315 3378 aether,
340 3294 489 3380 queniam
511 3293 691 3356 levissimus
714 3298 803 3375 erat3
831 3291 934 3372 ,hunc
958 3293 1090 3356 exordia
1113 3300 1186 3356 sunt
1210 3294 1283 3357 selis
1299 3295 1416 3361 lunae-

183 3434 244 3499 que
269 3413 419 3493 seeuta’',
444 3432 546 3496 quae,
570 3412 719 3496 quoniam
736 3411 881 3494 graviora
897 3418 987 3474 erant
1003 3411 1149 3494 aethere,
1163 3412 1284 3475 leviora
1300 3419 1416 3478 tamen

184 3536 289 3613 19119,
312 3530 418 3593 locum
440 3529 524 3591 inter
547 3534 717 3613 utrumque
741 3535 894 3613 ceperunt
907 3526 938 3609 3).
978 3529 1094 3610 Terra,
1118 3530 1219 3592 levior
1237 3552 1310 3594 cum
1326 3540 1415 3597 esset

183 3648 271 3713 hisce
293 3647 436 3734 partibus
460 3646 629 3727 detractis,
654 3645 754 3728 magis
778 3645 912 3708 succidit
935 3645 990 3708 ubi
1013 3668 1097 3709 nunc
1121 3653 1169 3710 est
1184 3669 1271 3711 mare
1286 3649 1412 3714 latum:

183 3788 245 3853 quo
279 3766 381 3849 magis
411 3771 497 3828 terra
520 3764 593 3826 solis
616 3763 712 3826 radiis
735 3763 935 3848 aetherisque
960 3770 1050 3826 aestu
1074 3765 1346 3849 condensabatur,
1373 3789 1412 3832 ee

183 3884 285 3966 magis
320 3881 494 3946 exhalabat
528 3882 645 3944 salsum
680 3881 825 3944 sudorem
856 3881 889 3943 in
912 3902 999 3944 mare
1025 3903 1124 3967 eoque
1147 3883 1250 3966 magis
1272 3883 1413 3950 leviores

184 4020 238 4063 aer
261 4005 292 4063 et
314 4000 397 4083 ignis
420 4000 454 4062 in
477 3999 600 4062 caelum
624 3998 838 4062 ascendebant
861 3998 968 4084 ibique
993 3999 1097 4062 sidera
1119 3999 1308 4064 formabant.
1341 4002 1412 4082 ,Si-

185 4116 303 4181 debant
334 4118 458 4202 campi,
473 4116 675 4196 ,crescebant
709 4116 869 4179 montibus
900 4116 972 4178 altis
995 4137 1160 4179 ascensus:
1196 4138 1300 4202 neque
1324 4119 1412 4181 enim

219 4451 236 4515 ¹)
271 4450 314 4500 Vs.
333 4453 452 4499 432-49.

216 4545 236 4610 ²)
271 4544 314 4595 Vs.
333 4546 454 4596 457-66.

216 4639 237 4704 ³)
270 4638 313 4688 Vs.
332 4640 453 4690 471-79.
