3196 5160
773 297 814 360 68

182 505 292 589 tellegi
320 503 420 590 possit
444 502 586 566 animum
611 505 643 564 61
666 499 776 563 ridere
800 505 834 562 et
860 499 991 582 audire,
1015 520 1079 563 non
1102 520 1155 563 eas
1180 505 1305 586 partes,
1328 520 1412 586 quae

181 623 271 708 quasi
294 621 452 685 fenestrae
476 619 539 682 sint
562 618 661 682 animi
675 618 705 699 ,’'
724 654 763 661 -
781 615 855 678 huic
871 616 970 700 igitur
987 616 1164 680 sententiae
1180 615 1332 702 Epicurei
1347 637 1412 679 uon

181 739 329 805 assentiri
362 743 512 824 possuut;
547 757 659 800 6611616
682 757 844 820 nunquam
868 757 925 798 nos
948 734 1063 797 fallunt
1086 735 1174 820 atqui
1197 733 1231 797 hi
1253 734 1315 819 ipsi
1339 754 1413 798 con·

181 857 314 921 trarium
344 878 400 919 nos
424 854 556 918 docent:
585 852 726 935 ,fulgida
748 852 937 936 praesertim
955 872 1027 914 cum
1043 872 1174 914 cernere
1190 872 1285 937 saepe
1300 852 1414 937 nequi-

181 997 273 1056 mus,
308 973 430 1036 lumina
464 971 637 1034 luminibus
677 970 751 1055 quia
784 968 875 1033 nobis
910 969 1198 1055 praepediuntur'',
1229 969 1262 1031 id
1286 976 1356 1052 est,
1380 969 1414 1033 id

183 1094 308 1178 ipsum,
344 1091 428 1177 quod
458 1091 554 1154 nimis
578 1089 642 1152 acri
665 1089 736 1151 luce
761 1089 786 1151 si
810 1087 894 1151 oculi
917 1087 1098 1150 afficiuntur
1120 1087 1313 1172 impedimur
1336 1109 1414 1173 quo·

182 1211 288 1273 minus
323 1209 505 1289 rideamne,
537 1206 651 1292 probat
685 1207 770 1291 ipsos
801 1205 909 1269 oculos
944 1205 1061 1268 sentire
1085 1225 1189 1289 neque
1213 1205 1303 1290 quasi
1326 1204 1415 1268 fene-

183 1334 262 1393 stras
291 1348 369 1390 esse.
415 1326 467 1389 Ex
492 1325 603 1388 eodem
628 1323 777 1408 exemplo
799 1323 931 1386 fortasse
957 1323 1053 1386 etiam
1076 1322 1254 1386 videbimus
1278 1322 1350 1407 quis
1374 1324 1415 1385 sit

183 1466 286 1509 nexus
319 1444 482 1509 oculorum
518 1464 590 1506 cum
625 1442 740 1505 anime.
786 1440 843 1504 Vs.
880 1442 942 1503 362
977 1440 1061 1503 enim
1095 1440 1247 1523 legimus:
1283 1460 1415 1521 ,sensus

186 1562 271 1624 enim
302 1560 400 1625 trahit
422 1565 519 1644 atque
543 1559 628 1622 acies
652 1557 792 1621 detrudit
815 1556 856 1620 ad
878 1556 995 1641 ipsas”,
1020 1578 1114 1642 quem
1138 1578 1264 1620 16161111
1288 1557 1414 1620 Wake-

183 1678 308 1742 fieldius
343 1678 388 1741 sic
411 1678 640 1762 interpretatus
665 1683 732 1740 est:
761 1697 912 1758 ,sonsus,
948 1697 1043 1761 quem
1065 1676 1186 1741 habent
1208 1677 1291 1740 oculi
1316 1678 1414 1741 rebus

184 1796 326 1860 externis
361 1795 526 1881 percussi,
551 1801 662 1858 evocat
685 1795 826 1857 animum
849 1794 889 1857 ad
913 1816 1022 1858 eorum
1046 1795 1151 1876 acies,
1174 1795 1220 1858 ita
1242 1801 1278 1858 ut
1301 1817 1415 1858 conso·

184 1914 274 1977 ciatis
297 1913 396 1976 animi
421 1919 453 1976 et
477 1912 560 1976 oculi
583 1912 795 1997 potestatibus
811 1912 939 1975 videndi
954 1912 1087 1976 facultas
1103 1913 1296 1976 exoriatur”.
1321 1913 1415 1976 Haec

184 2029 405 2115 interpretatio
428 2036 516 2093 recta
538 2029 629 2092 nobis
652 2029 790 2111 videtur,
814 2030 874 2092 etsi
897 2029 1011 2092 durum
1035 2035 1083 2093 661
1106 2050 1123 2092 6
1146 2028 1414 2115 praecedentibus

185 2167 298 2212 vocem
331 2147 472 2210 animum
506 2152 541 2208 ut
576 2146 735 2209 obiectum
758 2146 848 2209 verbi
871 2145 995 2209 trabere
1018 2146 1186 2232 supplere,
1211 2147 1266 2209 sed
1289 2148 1415 2210 nullum

187 2264 319 2329 61161111
341 2263 428 2328 aliud
454 2264 642 2327 remedium.
675 2263 768 2328 Oculi
788 2263 886 2347 igitur
908 2264 978 2328 luce
995 2264 1123 2327 erebus
1139 2271 1308 2328 emanante
1326 2265 1415 2343 (ima-

186 2382 313 2466 ginibus
345 2382 411 2445 6116
435 2381 621 2461 simulacris)
646 2380 843 2462 afficiuntur,
867 2402 929 2466 quo
953 2381 1069 2444 affectu
1092 2381 1215 2444 animus
1237 2382 1415 2467 impellitur

186 2504 222 2562 ut
245 2498 326 2562 adsit
348 2498 443 2584 idque
466 2503 561 2581 agat,
585 2504 620 2560 ut
644 2497 805 2561 Ciceronis
826 2497 932 2560 verbis
947 2503 1095 2579 utamur,
1118 2519 1180 2583 quo
1195 2497 1278 2561 lacto
1295 2498 1415 2562 conscii

185 2616 341 2680 videmus.
388 2615 482 2680 Oculi
503 2615 565 2700 ipsi
587 2615 718 2696 vident,
742 2636 834 2678 aures
856 2615 943 2699 ipsae
959 2614 1116 2697 audiunt,
1143 2615 1280 2700 denique
1300 2637 1416 2701 corpus

186 2732 290 2816 ipsum
314 2732 430 2813 sentit,
454 2731 510 2794 sed
533 2732 638 2794 auimo
661 2730 774 2795 horum
790 2731 962 2794 affectuum
979 2731 1096 2794 conscii
1112 2730 1215 2794 fimus.
1245 2731 1416 2795 Sentieudi

186 2849 239 2913 116
273 2855 305 2912 61
334 2848 415 2912 16116
446 2848 545 2932 igitur
576 2853 623 2911 est
645 2847 746 2911 haec:
782 2869 891 2911 omnes
915 2869 1045 2930 sensus,
1079 2870 1157 2934 quos
1181 2848 1291 2912 Oicero
1315 2849 1417 2913 animi

185 2967 313 3029 nuntios
343 2971 454 3047 vocat,
488 2965 583 3028 rebus
618 2965 760 3029 externis
790 2964 985 3029 afficiuntur:
1020 2965 1054 3028 hi
1077 2965 1210 3029 affectus
1244 2987 1317 3030 cum
1347 2967 1417 3030 ani·

186 3105 260 3166 ma,
295 3082 385 3147 cuius
419 3083 517 3146 atomi
552 3104 609 3167 per
650 3089 753 3146 totum
794 3104 907 3169 corpus
950 3092 1023 3146 sunt
1059 3083 1204 3166 dissitae,
1239 3085 1418 3148 communi·

188 3206 318 3282 cantur,
360 3221 441 3286 quae
486 3222 594 3263 rursus
633 3200 773 3264 animum
812 3201 970 3286 impellit,
1010 3222 1071 3286 quo
1109 3222 1167 3265 nos
1203 3201 1265 3286 ipsi
1304 3223 1419 3279 eorum

189 3316 307 3380 conscii
329 3315 431 3378 fimus.
477 3316 577 3379 Porro
600 3325 648 3379 est
672 3317 769 3379 etiam
791 3316 844 3380 116
865 3315 940 3379 huic
964 3317 1117 3402 opposita.
1156 3318 1263 3381 Motus
1278 3317 1419 3402 primam

188 3433 346 3518 originem
370 3432 489 3497 ducunt
513 3454 530 3496 6
560 3434 724 3497 voluntate
747 3433 905 3516 hominis,
937 3455 1018 3518 quae
1041 3434 1150 3498 sedem
1172 3434 1269 3497 habet
1292 3435 1325 3497 in
1349 3436 1421 3500 aui·

187 3572 257 3633 mo,
293 3557 325 3614 et
355 3571 486 3635 corpore
520 3551 747 3635 perficiuntur:
783 3550 908 3614 animus
942 3552 1027 3614 enim
1055 3573 1111 3615 616
1133 3552 1166 3615 11
1188 3551 1325 3637 impellit
1348 3553 1420 3616 ani-

188 3689 291 3751 mam,
327 3688 408 3753 quae
431 3673 553 3731 motum
576 3668 610 3730 in
633 3669 772 3753 corporis
795 3675 901 3754 partes
925 3668 1100 3732 transducit
1123 3669 1189 3752 ita,
1212 3675 1248 3734 ut
1270 3671 1421 3736 membra

189 3792 388 3851 moveantur.
433 3785 556 3880 Eodem
587 3786 681 3850 modo
703 3787 864 3850 interdum
888 3787 972 3851 oculi
995 3788 1173 3872 caligantur
1195 3810 1266 3852 cum
1289 3790 1421 3854 animus

187 3905 282 3968 nimis
315 3904 499 3968 vehementi
526 3895 665 3989 impulsu
693 3904 840 3967 truditur.
877 3943 917 3950 —
952 3905 1042 3979 Quae
1067 3906 1192 3969 etiamsi
1214 3906 1260 3970 ita
1282 3913 1358 3970 sunt
1380 3914 1421 3971 ut

190 4023 417 4108 exposuimus,
442 4028 550 4085 tamen
572 4028 681 4085 manet
704 4022 815 4086 eadem
840 4022 1016 4105 difficultas,
1040 4045 1135 4109 quam
1158 4029 1253 4088 antea
1263 4024 1420 4090 indicavi-

189 4161 268 4203 mus.
313 4139 407 4203 Nunc
442 4139 527 4202 enim
561 4139 741 4224 quaeritur,
774 4160 854 4225 quae
877 4140 1028 4203 Lucretio
1053 4141 1094 4203 611
1117 4141 1305 4225 significatio
1328 4145 1420 4208 vocis

190 4276 309 4319 6611616.
356 4255 516 4320 8611616116
539 4255 625 4320 idem
649 4261 696 4320 661
720 4261 815 4341 atque
839 4257 937 4319 animi
959 4258 1088 4320 motus?
1118 4257 1164 4321 At
1187 4279 1301 4343 corpus
1316 4260 1419 4325 etiam

190 4373 309 4454 sentit,
346 4392 421 4455 ergo
452 4393 563 4437 6611616
596 4373 682 4437 idem
717 4378 765 4437 661
788 4379 884 4458 atque
906 4379 1020 4438 motus.
1066 4375 1188 4439 Tamen
1218 4397 1282 4440 non
1305 4398 1419 4443 omnes

190 4497 296 4555 motus
330 4495 404 4554 sunt
437 4510 568 4554 sensus:
603 4492 686 4580 quod
720 4492 818 4576 igitur
841 4492 1008 4556 discrimen
1038 4498 1086 4557 661
1109 4494 1193 4558 inter
1215 4499 1419 4582 utrumque?

189 4609 340 4695 Epicurei
374 4608 455 4671 nihil
487 4610 681 4693 respondent
715 4616 747 4672 61
770 4610 831 4694 ipsi
853 4609 935 4674 hanc
959 4611 1178 4676 difficultatem
1200 4615 1417 4698 praesensisse
