3196 5160
788 279 829 342 98

195 485 268 543 sunt
302 483 503 566 pantomimi
537 477 687 565 ἐπιβολαὶ
726 491 782 556 τῆς
817 478 977 563 διανοίας,
1012 482 1123 568 quales
1157 489 1231 547 sunt
1270 483 1427 549 Centauri

195 596 388 683 Cerberique
429 596 586 680 imagines
627 597 873 683 insanorumque
908 599 1174 683 imaginationes,
1210 624 1288 687 quas
1322 603 1426 667 libero

193 714 331 800 quodam
364 720 454 778 motu
484 714 608 778 animus
631 714 692 777 sibi
716 714 828 799 fingit,
865 716 976 781 insitas
999 718 1195 802 coniungens
1217 719 1375 804 imagines
1393 722 1425 803 ¹).

193 830 301 895 Etiam
336 831 535 895 extrinsecus
568 830 601 893 in
634 830 776 894 animum
798 832 908 895 inferri
930 841 1080 918 possunt,
1116 841 1285 920 postquam
1309 857 1327 900 e
1350 858 1426 900 con·

191 949 353 1013 iunctione
375 949 616 1013 simulacrorum
640 954 713 1011 sunt
736 948 856 1032 iactae,
880 957 1034 1036 utsupra
1057 952 1206 1016 diximus.

236 1067 351 1131 Omnia
372 1066 595 1152 reputantibus
618 1067 709 1130 nohis
731 1066 859 1130 videtur
882 1075 978 1153 poeta
1000 1091 1064 1131 non
1087 1070 1120 1132 in
1142 1076 1251 1134 mente
1271 1069 1424 1136 habuisse

191 1185 321 1250 uberius
351 1185 535 1250 canonicam
559 1184 736 1249 doctrinam
761 1206 945 1270 exponere,
978 1208 1073 1271 quam
1096 1187 1137 1250 ad
1159 1187 1325 1273 physicam
1349 1189 1425 1254 doc-

191 1302 307 1366 trinam
331 1302 554 1388 exponendam
576 1323 707 1366 neccsse
731 1308 834 1366 esset:
870 1303 955 1388 quod
979 1302 1055 1366 dum
1077 1303 1174 1386 facit,
1198 1306 1317 1369 multas
1341 1305 1423 1368 diffi-

191 1420 327 1484 cultates
348 1440 514 1483 remanere
538 1418 639 1501 vidit,
664 1439 745 1504 quae
768 1418 849 1483 libro
873 1419 1001 1483 demum
1024 1442 1132 1484 rursus
1151 1422 1293 1506 perlecto
1309 1423 1423 1507 paucis

189 1538 296 1602 verbis
318 1538 494 1619 indicavit,
518 1542 554 1600 ut
576 1544 689 1621 postea
711 1558 768 1600 sno
792 1536 860 1600 loco
884 1557 938 1600 eas
961 1537 1109 1600 solveret.
1155 1537 1309 1601 Emultis
1325 1560 1423 1623 porro

188 1655 314 1720 indiciis
347 1654 551 1719 manifestum
586 1661 655 1736 est,
690 1660 805 1739 poetae
836 1676 915 1739 opus
944 1676 1036 1718 suum
1058 1655 1238 1740 perlegenti
1260 1656 1364 1719 multa
1388 1657 1423 1720 in

187 1777 329 1836 mentem
359 1771 506 1855 venisse,
539 1792 621 1856 quae
644 1777 712 1834 arte
736 1792 809 1835 cum
832 1777 900 1834 tota
923 1770 1067 1835 doctrina
1089 1770 1299 1835 cohaererent
1321 1777 1423 1858 atque

188 1890 286 1953 ctiam
319 1888 360 1952 ad
394 1888 524 1953 deorum
558 1894 680 1952 metum
715 1909 757 1951 ex
784 1889 898 1952 animis
922 1888 1150 1973 expellendum
1172 1890 1266 1952 utilia
1288 1897 1421 1975 essent,

186 2028 267 2093 quac
302 2012 411 2070 tamen
446 2007 673 2092 praeteriisset.
718 2005 810 2070 Haec
846 2005 960 2070 deinde
984 2006 1105 2070 addidit
1128 2027 1233 2093 neque
1256 2007 1290 2071 in
1313 2013 1421 2072 totum

186 2145 265 2209 opus
288 2124 334 2188 ita
357 2124 513 2206 intexuit,
537 2128 573 2187 ut
595 2123 687 2208 quasi
709 2145 781 2188 cum
805 2144 842 2187 eo
867 2124 1090 2188 coalescerent.
1124 2124 1319 2189 Huiusmodi
1343 2134 1421 2191 sunt

185 2262 231 2304 vs.
256 2242 428 2304 822-876
443 2241 477 2324 2).

229 2357 281 2421 Ex
312 2358 369 2440 iis,
404 2378 486 2443 quae
510 2357 727 2443 praecedunt,
762 2357 877 2442 cuique
900 2357 1023 2442 patebit
1047 2378 1089 2421 cx
1113 2356 1247 2443 Epicuri
1271 2357 1421 2422 doctrina

185 2497 295 2540 causas
330 2475 441 2539 finales
476 2496 557 2561 quae
590 2475 739 2538 dicuntur
763 2475 796 2537 in
818 2475 967 2538 universo
991 2496 1055 2538 non
1079 2496 1169 2539 esse:
1204 2476 1310 2539 omnia
1334 2497 1418 2562 quae

186 2600 260 2657 sunt
283 2615 358 2658 casu
381 2592 517 2678 quodam
541 2597 574 2656 et
596 2591 726 2656 fortuito
749 2591 938 2656 factasunt.
986 2591 1077 2655 Nihil
1100 2598 1207 2656 autem
1232 2598 1281 2656 est
1302 2593 1416 2679 inquo

184 2711 272 2796 prius
306 2711 403 2775 finem
438 2709 597 2796 quendam
633 2710 814 2795 expetitum
837 2730 905 2774 esse
930 2709 1059 2772 credere
1083 2710 1239 2795 possimus
1263 2732 1360 2795 quam
1382 2712 1417 2774 in

183 2828 329 2893 sensibus
352 2834 385 2892 et
407 2827 559 2892 memhris
582 2829 720 2910 nostris,
745 2848 842 2913 quare
867 2827 965 2891 Stoici
989 2826 1139 2891 diebant:
1178 2827 1276 2909 „nihil
1298 2827 1418 2892 horum

184 2966 252 3010 esse
274 2945 442 3010 fortuitum
466 2951 497 3009 et
520 2944 601 3009 haec
624 2946 731 3008 omnia
754 2966 822 3008 esse
846 2965 944 3030 opera
966 2944 1117 3029 providae
1141 2945 1341 3031 sollertisque
1360 2969 1417 3011 na-

182 3062 293 3127 turae”
307 3060 349 3146 ³),
373 3068 406 3126 et
431 3061 614 3144 ,hominum
637 3084 733 3127 causa
755 3061 874 3125 factum
897 3082 966 3124 esse
988 3061 1144 3126 mundum
1160 3082 1305 3147 quaeque
1323 3063 1357 3125 in
1377 3084 1415 3128 eo

183 3180 246 3244 sint
280 3180 406 3245 omnia”
420 3181 457 3263 ⁴).
503 3180 622 3245 Contra
656 3179 815 3266 Epicurus
831 3181 854 3258 5)
894 3201 1032 3266 eumque
1072 3201 1208 3265 sequens
1242 3180 1416 3244 Lucretius

182 3299 390 3364 ostenderunt
422 3300 534 3385 procul
569 3320 638 3363 esse
676 3305 731 3381 „ut
762 3299 891 3362 credere
928 3299 1030 3384 possis
1059 3301 1181 3379 (sensus
1204 3304 1237 3362 et
1258 3299 1415 3385 membra)

181 3417 329 3482 utilitatis
360 3417 400 3482 ob
431 3417 569 3482 officium
595 3417 738 3503 potuisse
762 3417 895 3481 creari”.
941 3416 1141 3501 Principium
1164 3437 1274 3480 eorum
1298 3416 1416 3481 doctri-

214 3678 234 3742 ¹)
268 3678 300 3726 D.
318 3678 347 3728 L.
367 3677 399 3726 X.
417 3680 448 3726 62
473 3681 508 3729 rh
530 3676 753 3741 θεωρούμενον
777 3679 813 3740 τῷ
834 3678 911 3727 κατ’
936 3678 1092 3742 ἐπιβολὴν
1116 3677 1351 3744 λαμβανομένῳ
1376 3685 1414 3746 τῇ

182 3771 314 3840 διανοίᾳ
342 3772 490 3836 opponitur:
517 3776 650 3836 utrumque
676 3788 771 3836 semper
795 3777 832 3822 est
858 3788 958 3833 verum,
984 3772 1101 3837 quoniam
1118 3773 1159 3823 vel
1175 3774 1207 3822 ad
1223 3771 1355 3822 simulacra
1372 3773 1415 3824 vel

181 3869 213 3918 ad
233 3867 421 3932 anticipationes
437 3867 593 3917 referendum
617 3872 662 3917 est.

214 3963 234 4028 ²)
271 3963 309 4013 cf.
338 3961 440 4012 Lachm
469 3962 599 4011 Praeterea
624 3961 715 4010 lacuna
741 3965 779 4010 est
803 3966 859 4024 post
875 3978 911 4011 vs.
930 3964 975 4010 821
995 3962 1026 4011 cl.
1044 3962 1077 4010 D.
1095 3961 1124 4012 L.
1142 3961 1177 4011 X.
1194 3965 1233 4011 51.
1252 3961 1413 4024 Steinhardt,

181 4056 208 4107 in
225 4057 312 4108 Erech.
330 4063 355 4107 ct
372 4056 449 4107 Grub.
468 4057 514 4106 sub
530 4072 590 4106 voce
608 4058 736 4118 Epicuros.
759 4056 897 4117 Susamihl‚
921 4057 1004 4107 Philol
1029 4056 1171 4118 XXXIII,
1188 4074 1244 4122 pag.
1258 4061 1305 4107 443
1322 4074 1412 4109 vorsus

182 4153 217 4203 sic
233 4153 343 4203 ordinat:
366 4154 526 4213 eol-1036,
545 4155 690 4212 sca-906,
709 4154 845 4205 saa-857.

214 4246 234 4309 ³)
269 4245 320 4295 Cic.
346 4247 376 4296 de
397 4246 457 4296 Nat.
476 4247 549 4296 Deor.
568 4245 605 4295 ΙΙ.
626 4249 680 4294 128.

213 4342 233 4407 ⁴)
270 4340 320 4391 cic.
338 4341 355 4389 l.
373 4341 390 4393 l.
409 4345 462 4390 133.

213 4437 233 4498 ⁵)
269 4436 300 4484 D.
325 4436 353 4485 L.
379 4435 412 4487 X.
434 4437 479 4496 75,
509 4438 547 4488 76.
571 4436 715 4486 Lucretium
740 4452 797 4486 eum
823 4437 853 4484 ad
875 4435 985 4486 litteram
1007 4442 1120 4487 secutum
1146 4452 1199 4486 esse
1216 4435 1300 4486 videre
1316 4435 1412 4487 licatc

181 4530 306 4583 Lactantii
329 4531 358 4579 dc
376 4529 442 4592 Opif.
460 4546 513 4593 cap.
530 4534 552 4579 6.
569 4530 653 4591 „Quid
669 4530 705 4581 ais
721 4531 853 4595 Epicure?
870 4531 897 4581 si
913 4549 964 4582 non
980 4536 1039 4581 sunt
1055 4533 1086 4582 ad
1103 4532 1238 4583 videndum
1252 4529 1321 4581 oculi
1337 4530 1410 4596 nati,

181 4643 225 4675 cur
240 4625 318 4690 igitur
335 4624 440 4674 vident?
473 4626 577 4685 Postea,
594 4624 692 4689 inquit,
709 4642 770 4675 usus
786 4642 871 4676 eorum
888 4625 1029 4690 apparuit'’.
