3196 5160
781 310 841 372 124

196 507 321 594 pondus
356 510 510 574 sentimus
532 511 657 576 inesse’'
682 515 756 593 (539
779 516 886 599 seqq).
932 511 1004 576 Hoc
1026 513 1096 598 ipso
1119 512 1204 599 quod
1230 512 1426 594 ,eommuni-

197 624 256 689 bus
290 626 374 689 inter
407 647 441 691 se
472 626 629 692 radicibus
661 627 815 692 haereaf’
847 636 933 692 terra
967 634 1000 692 et
1033 650 1101 712 aer,
1134 629 1202 693 fieri
1227 635 1357 714 potest,
1391 634 1427 692 ut

197 761 253 805 aer
286 748 402 807 terram
436 745 611 829 sustineat,
645 765 705 810 nec
739 767 797 808 sua
830 747 987 829 gravitate
1021 752 1106 810 terra
1139 729 1239 811 sidat:
1276 751 1313 809 ut
1343 746 1425 810 levis

197 856 246 920 vis
279 858 377 920 animi
411 878 508 943 grave
542 882 655 946 corpus
685 868 794 924 movet
828 861 1049 946 sustinetque,
1085 861 1130 924 sic
1162 860 1242 924 levis
1273 861 1329 924 ille
1352 881 1426 944 aer,

199 974 387 1040 coniunctus
423 999 495 1041 cum
529 979 619 1062 gravi
649 985 753 1043 terrae
787 1001 939 1064 corpore,
969 979 1004 1043 id
1038 979 1174 1044 sustinet
1201 979 1368 1066 facitque,
1392 986 1430 1043 ut

199 1091 233 1154 in
263 1092 368 1157 media
390 1094 501 1157 mundi
524 1096 655 1179 regione
671 1096 812 1181 quiescat
828 1097 861 1179 ¹).
898 1095 1053 1159 Attamen
1080 1096 1255 1159 tenendum
1283 1100 1333 1160 est
1364 1101 1428 1160 ter-

199 1230 267 1272 ram
289 1215 414 1275 tantum
432 1213 457 1275 si
473 1213 582 1275 mundi
600 1220 707 1298 partes
722 1213 909 1298 respicimus
925 1212 1106 1298 quiescere:
1134 1234 1206 1276 cum
1222 1218 1289 1277 tcto
1305 1213 1429 1277 mundo

201 1331 310 1390 tamen
333 1334 365 1392 et
388 1329 534 1393 omnibus
556 1330 628 1394 aliis
649 1330 776 1394 mundis
798 1336 954 1416 perpetuo
970 1329 1065 1393 cadit.
1083 1368 1123 1376 -
1139 1329 1247 1393 Huius
1264 1329 1433 1394 doctrinae

199 1445 298 1528 partis
341 1467 445 1530 pauca
485 1447 622 1530 vestigia
655 1452 780 1510 tantum
813 1447 993 1511 invenimus
1036 1447 1070 1510 in
1103 1447 1234 1533 Epicuri
1269 1447 1433 1532 fragmen·

200 1559 262 1643 tis,
295 1583 376 1647 quae
413 1570 521 1627 tamen
560 1565 635 1628 satis
672 1565 860 1628 Lucretium
895 1564 975 1629 haec
1010 1565 1134 1647 omnia,
1173 1586 1254 1652 quae
1277 1566 1434 1651 exposui-

200 1699 291 1761 mus,
327 1680 466 1766 Epicuro
489 1681 626 1764 debere,
659 1682 891 1746 demonstrant.
926 1683 1070 1747 Primum
1093 1683 1229 1767 legimus
1251 1682 1434 1768 Epicurum

201 1796 362 1862 docuisse:
396 1801 454 1875 τὴν
477 1811 538 1885 γῆν
561 1806 605 1886 τῷ
627 1801 692 1885 ἀέρι
716 1803 900 1886 ἐποχεῖσθαι
913 1798 959 1884 2);
994 1807 1161 1886 praeterea
1183 1800 1218 1863 in
1240 1799 1434 1884 fragmentis

201 1913 275 1978 libri
307 1914 359 1979 XI
390 1921 458 2002 περὶ
494 1921 637 2002 φύσεως,
673 1918 732 1982 col.
756 1917 782 1980 I.
807 1917 886 1981 haec
909 1918 1008 1982 verba
1031 1924 1105 1981 sunt
1127 1918 1271 2001 integra:
1296 1935 1376 2003 φημι
1400 1946 1434 1985 εν

200 2059 283 2117 μεσιρ
315 2060 390 2098 evm
420 2062 478 2109 την
500 2057 582 2120 γην;
614 2033 750 2119 denique
774 2054 792 2098 e
815 2034 908 2098 lineis
934 2035 987 2117 18,
1022 2037 1078 2116 19,
1114 2037 1155 2098 20
1178 2033 1322 2098 eiusdem
1345 2035 1435 2100 celu-

201 2169 295 2213 mnae
326 2171 480 2236 apparere
508 2150 637 2214 videtur
660 2151 835 2236 Epicurum
857 2150 1031 2235 imaginem
1053 2152 1267 2216 membrorum
1289 2152 1436 2237 corperis

202 2287 328 2353 quoque
351 2289 536 2354 usurpasse:
560 2269 697 2353 legimus
721 2269 826 2333 enim:
856 2298 904 2335 και
926 2297 983 2345 την
1006 2298 1069 2355 γην
1084 2297 1118 2337 εν
1131 2298 1214 2356 μισιρ
1230 2297 1310 2335 ecre
1326 2298 1436 2336 παντο

205 2413 280 2451 Καῗα
305 2413 411 2471 σχημα
434 2385 547 2453 Κωλων
564 2435 571 2450 ι
591 2435 620 2450 ..
637 2435 645 2452 ο

245 2501 330 2565 Aere
365 2509 433 2567 erat
456 2509 618 2567 certamen
640 2504 724 2567 inter
747 2504 894 2590 antiquos
917 2503 1124 2590 philosophos
1146 2503 1185 2567 de
1207 2503 1438 2588 magnitudine

203 2640 370 2705 corporum
404 2622 590 2685 caelestium
603 2617 635 2705 3).
681 2621 840 2707 Epicurus
874 2622 907 2685 in
941 2621 991 2685 his
1018 2621 1113 2685 rebus
1136 2621 1348 2685 diiudicandis
1373 2623 1438 2688 sibi

203 2743 346 2802 constat:
381 2749 449 2815 τοῖς
483 2742 676 2826 ἐναργήμασι
706 2743 872 2827 προςέχειν
905 2739 1067 2803 debemus
1112 2739 1199 2822 Ergo
1233 2741 1268 2804 rb
1291 2743 1440 2826 μέγεθος

203 2860 259 2919 τοῦ
283 2849 378 2931 ἡλίου
399 2885 430 2922 τι
453 2862 501 2922 καὶ
525 2863 588 2922 τῶν
612 2858 736 2921 λοιπῶν
760 2856 885 2941 ἄστρων
908 2858 984 2922 κατὰ
1006 2861 1063 2939 μὲν
1085 2858 1123 2921 τὸ
1146 2857 1227 2940 πρὸς
1244 2856 1329 2936 ἡμᾶς
1344 2855 1442 2933 τηλι-

203 2973 318 3037 κοῦτόν
341 2976 423 3040 ἐστιν
446 2976 560 3051 ἡλίκον
583 2978 731 3062 φαίνεται.
778 2973 961 3057 DiogeneS,
996 2974 1051 3059 qui
1073 2973 1133 3038 hoc
1156 2972 1311 3056 refert‚4)
1342 2973 1434 3050 addit

236 3130 256 3196 l)
291 3129 321 3178 V.
340 3133 461 3179 oet-63.
1090 3181 1094 3188 ,

236 3226 257 3291 ²)
292 3227 324 3276 D.
341 3227 370 3276 L.
397 3227 430 3275 X.
458 3227 488 3277 74
513 3241 534 3276 e.
561 3227 613 3275 cod.
637 3224 706 3275 Leid.
740 3225 823 3288 Vulgo
839 3225 899 3274 haec
916 3223 992 3275 verba
1008 3223 1194 3289 subiunguntur
1209 3206 1260 3275 illis
1277 3225 1362 3288 δῆλον
1382 3230 1430 3290 ὥς

204 3322 258 3388 [καὶ
275 3321 405 3386 φθαρτούς
421 3332 483 3387 φησι
500 3323 558 3380 τούς
570 3323 677 3383 κόσμους
689 3321 910 3384 μεταβαλλόντων
922 3327 973 3370 τῶν
985 3320 1079 3386 μερῶν]
1092 3321 1175 3370 minus
1185 3326 1269 3371 tumen
1276 3328 1361 3384 recte,
1374 3339 1432 3374 eum

202 3419 263 3467 haec
273 3417 348 3468 verba
358 3416 627 3481 cum‘praecedentibus
638 3416 736 3465 nullum
747 3415 857 3465 habeant
867 3432 967 3465 nexum.
986 3416 1111 3480 Diogenes
1119 3432 1151 3465 ex
1159 3416 1214 3465 aliis
1223 3416 1325 3480 Epicuri
1332 3417 1433 3482 seriptis

202 3529 232 3563 sa
258 3512 379 3563 inseruit:
405 3515 447 3563 καὶ
470 3515 497 3561 ἒν
514 3514 605 3568 ἄλλοις
624 3511 722 3578 (φησὶ),
749 3513 815 3575 quod
831 3513 882 3560 cod
904 3511 972 3560 Leid.
991 3511 1084 3576 aliique
1099 3511 1217 3574 praebent
1234 3517 1291 3560 ante
1308 3499 1387 3562 verba
1403 3513 1433 3564 in

202 3614 273 3659 textu
291 3609 399 3668 laudata,
417 3609 564 3658 servandum
581 3613 625 3656 est.
661 3607 693 3656 In
709 3613 768 3656 nota
785 3607 880 3656 Oorsini
897 3607 928 3655 ad
939 3606 1007 3659 Plac.
1021 3606 1074 3656 ΙΙΙ.
1089 3610 1118 3654 10
1133 3605 1284 3671 (Florentiae
1295 3605 1429 3675 MDOCL)

203 3705 245 3754 ubi
262 3705 385 3765 ostendit,
403 3704 553 3753 Anaximeni
569 3703 633 3751 hano
650 3703 785 3752 doctrinam
804 3702 966 3750 Plutarchum
985 3700 1204 3764 adscripsisse'(drt
1218 3702 1259 3750 καὶ
1273 3702 1435 3768 κατὰλόγον

203 3802 286 3860 αὐτὴν
312 3800 371 3864 (γῆν
393 3803 453 3863 γῆν)
476 3799 625 3862 ἐποχεῖσθαι
647 3797 711 3861 ἀέρι)
731 3798 802 3860 lego:
831 3795 888 3857 ,Sia
906 3795 1028 3858 Epicurus
1045 3796 1120 3844 etiam
1137 3795 1261 3845 Tellurem
1278 3794 1331 3844 aeri
1349 3796 1434 3848 veluti

203 3894 358 3944 innatantem
385 3893 491 3943 insidere
508 3893 613 3943 coniecit
629 3894 696 3956 apud
712 3891 839 3941 Laertium
856 3891 911 3941 Lib.
930 3890 962 3939 X.
982 3907 1031 3954 seq.
1051 3892 1089 3942 74.
1107 3892 1157 3950 τὴν
1175 3895 1224 3954 γῆν
1242 3893 1278 3953 τῷ
1295 3889 1353 3954 ἀέρι
1372 3891 1435 3942 ἐπο-

203 3993 305 4055 χεῖσθαι
322 3993 364 4048 ὡς
382 3991 551 4052 σνγγενῆ.”
571 4016 602 4024 -
620 3988 690 4036 Haeo
706 3993 829 4049 postrema
844 3985 920 4034 verba
936 4000 995 4033 sane
1006 3983 1098 4047 optime
1105 3984 1240 4033 concinunt
1250 3999 1306 4032 oum
1318 3983 1437 4036 Lucretii

203 4102 240 4136 vs.
250 4090 296 4135 549
306 4092 331 4135 et
340 4089 402 4135 554:
429 4101 501 4146 ,mam
515 4083 687 4134 communibus
703 4083 802 4131 interae
811 4081 935 4130 radicibus
944 4080 1072 4141 haerent”,
1090 4080 1206 4129 sedunde
1215 4079 1346 4142 eapetivit
1356 4081 1438 4132 verba

205 4180 346 4231 Cominus?
378 4181 467 4246 Neque
487 4180 514 4230 in
537 4181 589 4230 cod.
607 4180 676 4230 Leid.
693 4193 774 4242 neque
790 4173 857 4240 apud
874 4176 1040 4225 Huebnerum
1056 4190 1137 4240 neque
1153 4175 1219 4238 apud
1237 4174 1436 4240 Schneiderum,

203 4292 283 4341 neque
310 4278 377 4340 apud
403 4276 576 4326 Oasaubonum
601 4290 681 4339 neque
704 4275 770 4337 apud
790 4273 851 4322 alios
868 4288 921 4321 eam
938 4270 1068 4320 lectionem
1085 4271 1197 4319 invenire
1212 4268 1291 4333 potui.
1326 4270 1438 4336 Legitne

203 4373 307 4422 fortasse
323 4372 351 4421 in
368 4371 449 4421 codice
461 4372 568 4436 quodam
579 4371 644 4420 Italo
658 4371 668 4418 f
686 4369 812 4428 Cobetus,
831 4367 875 4431 qui
892 4367 970 4416 Italos
982 4365 1077 4416 codices
1095 4352 1219 4426 consulit,
1233 4364 1298 4413 nihil
1308 4364 1439 4418 eiusmodi

203 4469 286 4517 refert.

236 4563 256 4626 ³)
292 4562 330 4612 of.
348 4560 416 4611 Plut.
433 4560 496 4624 plac.
515 4561 553 4623 Π.
572 4563 610 4609 21.

237 4658 257 4726 4)
293 4658 326 4707 X.
345 4659 383 4704 91.
417 4656 499 4706 Verba
524 4659 590 4706 ἄλλο
616 4659 664 4723 γὰρ
679 4698 683 4706 .
696 4693 701 4704 .
716 4696 720 4705 .
738 4656 792 4707 ἐστι
817 4655 927 4705 difficilia
950 4659 1009 4704 sunt
1025 4653 1197 4718 interpretatu.
1232 4652 1294 4702 Ritt.
1312 4657 1340 4702 et
1357 4653 1437 4704 Prell.
