3196 5160
799 310 856 372 141

185 506 428 573 (defenduntur
451 517 483 573 et
506 511 550 575 sic
562 511 661 575 vitam
674 531 800 576 servare
816 517 948 596 possunt
970 513 993 594 ).
1012 550 1052 559 -
1068 512 1152 576 Mira
1167 517 1216 576 est
1231 513 1440 598 congruentia

182 623 309 689 lruius
341 626 402 691 loci
436 649 509 690 cum
531 633 658 692 nostrae
682 628 797 692 aetatis
820 629 961 692 virorum
985 628 1150 693 doctorum
1173 630 1319 715 placitis:
1355 631 1439 716 quod

182 740 310 807 lrodie
343 745 518 808 innumeris
548 745 846 829 investigationibus
870 751 902 808 et
926 746 1155 831 experimentis
1177 747 1346 832 probatum
1369 769 1438 813 esse

184 861 358 945 videtur,
381 863 421 927 ab
444 863 583 949 antiquis
605 863 669 927 iam
685 862 884 948 philosophis
899 863 1029 927 rationis
1046 865 1111 928 solo
1128 865 1248 929 auxilio
1265 867 1317 931 vel
1333 867 1439 953 potius

184 978 334 1044 intuitu
372 980 510 1066 quodam
543 981 712 1066 perspicue
742 980 936 1044 tradebatur.
981 980 1140 1067 Epicurus
1174 981 1215 1046 ad
1249 982 1438 1070 Pythoclem

195 1096 339 1181 scripsit
350 1099 383 1180 2);
407 1096 493 1162 ἀλλὰ
514 1099 577 1179 μὴν
600 1096 802 1173 ὑποληπτέον
826 1103 874 1162 καὶ
899 1101 957 1174 τὴν
980 1100 1075 1183 φύσιν
1097 1098 1210 1165 πολλά
1232 1105 1280 1166 καὶ
1304 1112 1438 1168 παντοῖα

196 1214 275 1278 ὑπὸ
309 1219 372 1279 τών
406 1216 509 1279 αὐτῶν
531 1215 726 1300 πραγμάτων
750 1212 938 1301 διδαχθῆναι
960 1243 991 1279 τε
1015 1220 1064 1280 καὶ
1088 1215 1326 1302 ἀναγκασθῆναι
1349 1239 1357 1254 ·
1381 1221 1438 1285 τὸν

201 1328 241 1397 δὲ
268 1331 427 1417 λογισμὸν
449 1333 487 1397 τὰ
510 1333 572 1397 ὑπὸ
595 1336 710 1410 ταύτης
733 1336 991 1418 παρεγγυηθέντα
1014 1339 1062 1398 καὶ
1088 1335 1219 1420 ὕστερον
1243 1335 1438 1424 ἐπακριβοῦν

203 1454 263 1515 καὶ
284 1448 551 1535 προςεξευρίσκεω
575 1497 581 1512 .
606 1448 809 1512 Pedetentim
832 1449 1034 1535 progreditur
1057 1456 1191 1515 natura:
1215 1452 1299 1538 quod
1321 1453 1438 1539 imper·

201 1565 331 1630 sectum
361 1572 393 1629 et
427 1565 531 1630 debile
567 1571 614 1629 est
645 1587 682 1629 eo
705 1567 775 1652 ipso
799 1566 913 1630 durare
935 1588 1000 1630 non
1022 1573 1148 1652 potest,
1183 1589 1264 1655 quae
1287 1569 1382 1634 fortia
1405 1577 1437 1635 et

204 1682 353 1768 perfecta
375 1683 604 1769 quodammodo
628 1689 723 1766 sunt,
746 1689 897 1747 manent:
923 1690 991 1747 tum
1017 1684 1156 1750 hominis
1178 1686 1260 1752 ratio
1282 1693 1437 1770 naturae,

210 1821 294 1887 quae
317 1821 433 1885 magna
455 1807 517 1865 stat
540 1801 685 1888 praedita
709 1800 820 1886 culpa,
837 1796 860 1879 ³)
885 1802 1006 1865 auxilio
1030 1804 1129 1866 venit.

255 1917 351 1982 Omni
373 1924 516 2004 tempore
538 1924 652 2004 poetae
675 1919 823 1982 lubenter
847 1918 1063 2004 depinxerunt
1081 1921 1257 2004 primorum
1271 1920 1436 1986 hominum

210 2035 333 2119 vitam,
357 2057 453 2121 quam
476 2036 620 2118 beatam,
645 2036 791 2100 omnibus
815 2037 898 2100 curis
922 2043 1112 2121 expertem,
1137 2037 1319 2102 laudabant.
1343 2039 1437 2104 Eius·

209 2152 298 2217 modi
324 2174 421 2217 aurea
448 2174 529 2239 quae
554 2153 669 2216 dicitur
695 2158 783 2216 aetas
812 2153 845 2216 in
872 2153 1004 2239 Epicuri
1017 2153 1193 2218 doctrinam
1204 2176 1267 2218 non
1280 2155 1435 2241 quadrat,

210 2277 247 2334 ut
270 2270 362 2335 facile
385 2271 519 2357 quisque
542 2270 722 2354 intellegit,
746 2269 802 2334 sed
826 2276 933 2334 tamen
950 2272 1119 2336 Lucretius
1136 2294 1293 2336 summam
1307 2294 1437 2360 operam

208 2387 389 2473 impendit,
412 2394 448 2452 ut
471 2389 606 2473 primam
634 2393 772 2452 aetatem
788 2408 830 2450 ex
846 2387 979 2474 Epicuri
990 2394 1098 2453 mente
1109 2390 1219 2475 pulcre
1233 2390 1435 2455 describeret.

208 2505 293 2570 Oum
315 2527 439 2588 amore,
463 2513 500 2569 ut
522 2506 567 2569 ita
590 2505 713 2588 dicam,
737 2505 871 2569 aliorum
886 2512 1056 2591 poetarum
1071 2508 1220 2594 exemplo
1237 2509 1437 2592 stimulatus,

209 2629 380 2709 sequentes
410 2645 521 2687 versus
553 2624 688 2708 scripsit.
734 2623 820 2697 Quos
842 2630 879 2686 ut
901 2624 1016 2687 melius
1039 2646 1111 2688 cum
1133 2625 1266 2711 Epicuri
1293 2626 1436 2691 doctrina

209 2741 353 2806 conferas
367 2747 524 2827 poetaque
538 2741 653 2805 merita
669 2762 836 2825 agnoscas,
859 2741 1004 2826 magistri
1019 2741 1282 2828 descriptionem,
1306 2744 1433 2830 qualem

209 2859 368 2923 Diodorus
392 2851 517 2924 Siculus
540 2880 610 2923 eam
632 2859 730 2922 refert
743 2864 784 2941 ,4)
815 2860 1066 2944 praemittemus.
1112 2864 1195 2936 Τοὺς
1218 2859 1249 2927 δὲ
1273 2861 1307 2936 ἐξ
1330 2864 1432 2949 ἀρχῆς

209 2981 420 3063 γεννηθέντας
443 2984 506 3042 τῶν
529 2978 709 3062 ἀνθρώπων
732 2982 829 3062 φασιν
852 2981 884 3042 ἐν
900 2979 1022 3064 ἀτάκτῳ
1039 2984 1087 3044 καὶ
1103 2976 1248 3064 θηριώδει
1262 2977 1327 3066 βίῳ
1343 2985 1431 3046 καθε-

211 3099 351 3172 στῶτας,
385 3092 549 3178 σποράδην
583 3098 631 3158 ἐπὶ
662 3094 720 3167 τὰς
744 3095 843 3173 νομὰς
867 3092 975 3168 ἐξιέναι
998 3100 1046 3160 καὶ
1070 3099 1301 3180 προςφέρεσθαι
1323 3106 1378 3176 τῆς
1401 3124 1432 3163 τε

209 3205 352 3293 βοτάνης
377 3211 435 3285 τὴν
457 3211 714 3295 προςηνεστάτην
737 3215 785 3275 καὶ
809 3215 885 3287 τοὺς
908 3213 1104 3293 αὐτομάτους
1127 3214 1190 3278 άπὸ
1207 3220 1271 3278 τοῖν
1294 3211 1432 3298 δένδρων

211 3329 349 3410 καρποέις
364 3372 370 3387 .
387 3330 434 3390 καὶ
458 3326 713 3408 πολεμουμένους
735 3321 790 3409 μέν
806 3329 867 3392 ὑπὸ
883 3333 947 3393 τών
963 3332 1101 3414 θηρίων,
1120 3328 1279 3406 άλλῆλοις
1295 3328 1432 3415 βοηθεῖν

210 3443 271 3507 ὑπὸ
285 3448 343 3507 τοῦ
359 3445 574 3528 συμφέροντος
590 3440 848 3526 διδασκομένους,
862 3444 1112 3530 ἀθροιζομένους
1125 3444 1156 3512 δὲ
1170 3445 1219 3513 διὰ
1233 3449 1290 3512 τὸν
1303 3447 1431 3534 φόβον,

210 3559 422 3644 ἐπιγινώσκειν
445 3562 476 3625 έκ
497 3565 553 3624 τοῦ
576 3559 651 3625 κατά
673 3563 784 3646 μικρὸν
799 3565 872 3636 τοὺς
888 3562 1048 3639 ἀλλήλων
1065 3567 1184 3639 τύπους
1200 3610 1206 3625 .
1225 3610 1232 3625 ·
1251 3613 1258 3627 .
1282 3567 1356 3641 τοὺς
1373 3564 1432 3630 οὗν

210 3677 354 3760 πρώτους
369 3681 433 3741 τῶν
449 3678 639 3762 ἀνθρώπων,
655 3675 789 3759 μηδενὸς
803 3683 867 3744 τῶν
879 3681 962 3764 πρὸς
977 3677 1057 3764 βίον
1067 3684 1233 3766 χρησίμων
1245 3682 1430 3767 εὑρημένου,

209 3795 365 3868 ἐπιπόνως
399 3792 533 3880 διάγειν,
565 3798 706 3880 γυμνοὺς
734 3800 791 3877 μὲν
821 3798 953 3875 ἐσθῆτος
984 3798 1098 3873 ὄντας,
1137 3800 1289 3874 οἶκῆσεως
1317 3794 1349 3863 δὲ
1382 3802 1430 3863 καὶ

208 3912 311 3996 πυρὸς
333 3912 453 3989 άῆθεις,
479 3922 598 3998 τροφῆς
623 3909 765 3998 δ’ἡμέρου
787 3912 951 3993 παντελῶς
975 3914 1185 3989 ἀνεννοήτους
1202 3964 1208 3976 .
1225 3918 1273 3979 καὶ
1295 3911 1357 3999 γάρ
1372 3916 1431 3991 τὴν
1506 3907 1507 3910 ¹

209 4023 402 4112 συγκομιδὴν
428 4037 484 4106 τῆς
507 4027 622 4114 ιἰγρίας
644 4039 764 4115 τροφῆς
787 4030 1009 4115 ἀγνοοῦντας,
1043 4028 1192 4115 μηδεμίαν
1214 4035 1278 4096 τῶν
1301 4035 1431 4117 καρπῶν

240 4277 258 4339 ¹)
292 4275 335 4325 Vs.
354 4276 474 4328 aso—77.
509 4275 546 4326 Hi
560 4292 662 4337 versus,
680 4277 707 4325 ni
723 4276 848 4338 fallimur,
865 4283 922 4340 post
938 4281 1081 4341 sequentem
1096 4274 1225 4339 periodum
1236 4274 1343 4338 ponendi
1355 4281 1429 4338 sunt,

207 4386 238 4420 ne
256 4387 348 4420 nexum
364 4370 517 4434 interrumpe
534 4376 552 4421 t.

239 4464 258 4524 ²)
292 4465 325 4514 D.
343 4465 372 4514 L.
391 4464 433 4525 X,
452 4466 490 4517 75.

239 4560 257 4619 8)
291 4559 322 4612 V.
342 4562 388 4610 195
405 4576 472 4625 seqq.

238 4655 260 4719 ⁴)
295 4654 350 4704 Lib.
368 4655 398 4717 Ι,
416 4659 501 4719 οαρ.8
