3196 5160
809 267 850 329 65

217 474 328 558 ἐάνπερ
354 469 480 558 διαμένῃ
502 473 538 535 τὸ
563 469 621 545 ὀξὺ
644 472 720 536 κατὰ
744 474 802 548 τὴν
825 469 972 546 αἴσθησιν
996 468 1108 553 (DS),
1131 470 1208 535 ἀλλ’
1224 472 1278 536 ἐὰν
1294 477 1343 537 καὶ
1362 470 1440 547 αὕτη

219 586 433 665 ξυναπόληται
463 593 520 653 τοῦ
555 587 768 675 στεγάζοντος
802 587 956 666 λυθέντος
988 588 1043 652 εἴθ’
1075 588 1155 653 ὅλον
1179 587 1234 653 εἴτε
1258 592 1307 653 καὶ
1329 591 1444 672 μέρους

220 706 306 780 τινός
331 723 338 737 ·
362 705 398 768 τὸ
433 702 464 770 δὲ
496 703 804 790 λοιπὸνᾶθροισμο
837 700 981 785 διαμένον
1004 708 1052 768 καὶ
1077 704 1158 768 ὅλον
1182 708 1230 768 καὶ
1255 704 1330 768 κατὰ
1353 706 1448 788 μέρος

221 823 277 887 οὐκ
307 821 370 907 ἔχει
404 823 462 896 τὴν
493 822 659 897 αἴσθησιν,
696 825 812 886 ἐκείνου
840 821 1087 907 ἀπηλλαγμένον
1125 825 1205 886 ὅσον
1228 825 1303 887 ποτέ
1325 823 1388 887 ἐστι
1410 823 1447 885 τὸ

223 948 387 1004 συντεῖνον
403 944 467 1003 τῶν
484 938 610 1019 ιἰτόμων
628 939 755 1013 πλῆθος
772 943 815 1013 εἰς
831 941 888 1014 τὴν
904 949 958 1017 τῆς
975 941 1083 1024 ψυχῆς
1097 943 1192 1025 φύσιν
1205 940 1264 1021 (VS.
1277 936 1445 1020 ‹Didii-did).

264 1054 436 1119 Omisimus
449 1060 557 1118 autem
566 1075 612 1117 vs
623 1057 812 1136 aro-396,
826 1055 939 1139 quibus
948 1055 1123 1118 Democriti
1140 1055 1314 1120 doctrinam
1330 1055 1448 1120 refutat

221 1179 326 1259 poeta.
362 1172 664 1237 Animadvertamus
689 1173 844 1258 imprimis
866 1172 1085 1236 Democritum
1106 1173 1146 1236 ab
1161 1172 1329 1257 Epicureis
1345 1172 1448 1236 refelli

223 1293 277 1356 ubi
294 1293 514 1378 opportunitas
538 1292 638 1356 datur.
685 1292 789 1356 Causa
812 1312 867 1354 cur
890 1290 949 1353 hcc
966 1290 1099 1354 fecerint
1115 1291 1191 1354 satis
1207 1291 1375 1376 perspicua
1391 1296 1448 1353 est.

222 1409 292 1484 Quo
322 1410 424 1493 magis
455 1409 540 1473 enim
570 1409 702 1494 patebat
735 1409 865 1494 Epicuri
900 1407 1064 1493 physicam
1099 1407 1275 1472 doctrinam
1309 1413 1450 1472 totama

221 1527 406 1591 Democrito
431 1523 499 1590 csse
523 1532 680 1608 sumtam,
704 1547 742 1590 eo
765 1526 837 1611 plus
860 1546 975 1610 operae
999 1526 1086 1589 dedit
1109 1532 1145 1589 ut
1160 1525 1220 1590 hoc
1237 1526 1368 1608 celaret,
1391 1526 1450 1588 im-

222 1645 333 1730 primis
367 1665 406 1708 ea
441 1642 642 1725 extollendc,
673 1644 788 1729 quibus
818 1642 857 1706 ab
881 1642 935 1706 illo
960 1642 1158 1728 discrepabat
1181 1650 1276 1729 atque
1305 1644 1450 1728 petulan-

222 1768 272 1826 ter
306 1762 340 1824 in
371 1782 444 1825 eum
467 1760 646 1825 invehendo
674 1762 888 1847 (Δημόκριτον
912 1764 1108 1847 Ληρόκριτον
1132 1761 1171 1823 D.
1196 1762 1233 1825 L.
1257 1761 1299 1825 X.
1324 1763 1368 1844 8).
1397 1761 1449 1825 Sic

223 1880 395 1944 Lucretius
418 1900 542 1964 quoquc
566 1879 650 1941 inter
671 1899 800 1961 omnes,
825 1900 903 1964 quos
926 1879 1064 1961 refutat,
1088 1877 1310 1965 philosophos,
1333 1879 1450 1943 Demo·

224 1996 342 2060 critum
366 1995 550 2079 saepissime
574 1995 702 2057 nomine
725 1994 865 2077 indicat,
889 2000 924 2057 ut
947 1995 1135 2079 magistrum
1151 2016 1241 2058 suam
1258 1995 1451 2078 doctrinam,

222 2134 287 2176 non
318 2134 337 2175 a
370 2113 553 2176 Democrito
585 2118 741 2193 sumtum,
773 2110 921 2176 habuisse
948 2112 1103 2175 ostendat.
1149 2112 1320 2176 Omisimus
1342 2120 1450 2177 autem

223 2249 278 2294 ecs
300 2250 412 2293 versus
435 2230 584 2315 qnoniam
607 2229 699 2293 nobis
722 2228 870 2291 videntur
891 2250 955 2292 non
978 2250 1035 2292 suo
1057 2229 1125 2292 loco
1149 2230 1257 2315 scripti
1282 2251 1360 2294 esse.
1392 2232 1450 2294 Ait

224 2348 311 2411 enim
334 2353 430 2432 poeta
452 2347 564 2410 falsam
588 2367 656 2409 csse
672 2346 847 2409 Democriti
864 2348 1073 2428 sententiam,
1090 2368 1162 2409 cum
1181 2348 1339 2432 ,corporis
1355 2354 1450 2434 atque

225 2466 322 2529 animi
355 2464 548 2550 primordia,
584 2465 709 2548 singula
743 2464 841 2548 privis
876 2464 1040 2549 adposita,
1075 2466 1206 2528 alternis
1236 2467 1379 2548 variare,
1413 2488 1449 2529 ac

225 2589 353 2646 nectere
376 2583 529 2647 nembra''
553 2588 645 2667 putet
659 2581 687 2664 ¹).
711 2582 794 2645 Nam
817 2582 989 2667 primordia
1011 2583 1108 2645 animi
1123 2582 1224 2646 multo
1240 2583 1363 2646 minora
1379 2605 1451 2647 cum

228 2699 289 2761 sint
313 2720 407 2785 quam
429 2699 586 2783 corporis,
621 2699 717 2761 ctiam
740 2699 890 2783 pauciora
913 2704 1007 2780 sunt,
1036 2699 1121 2785 quod
1143 2699 1216 2762 inde
1239 2699 1303 2762 iam
1319 2706 1449 2784 pateat,

225 2815 308 2900 quod
337 2816 437 2879 multa
474 2815 559 2879 levia
589 2821 621 2878 ct
654 2837 753 2900 parva
788 2815 973 2899 corpuscula
1003 2815 1162 2880 interdum
1185 2817 1219 2879 in
1242 2838 1355 2903 corpus
1378 2838 1448 2882 nos-

228 2938 310 2996 trum
334 2933 522 2997 cedantve]
545 2935 578 2997 in
603 2934 670 2997 eius
693 2934 860 3019 superficie
884 2940 1106 3016 semoveant,
1141 2956 1221 3020 quac
1246 2936 1363 2999 sentire
1387 2957 1451 3000 non

228 3053 391 3136 possimus.
437 3052 482 3114 At
519 3052 545 3114 si
573 3052 671 3115 animi
702 3052 846 3136 singulae
878 3053 975 3115 atomi
999 3052 1133 3135 singulis
1157 3058 1262 3116 essent
1286 3054 1449 3138 appositae

228 3170 365 3255 corporis
387 3170 521 3251 atomio,
546 3170 633 3234 nulla
656 3191 707 3233 res
730 3192 844 3254 corpus
867 3170 1028 3252 attingens
1051 3175 1116 3232 tam
1139 3192 1237 3254 parva
1260 3176 1352 3252 esset,
1375 3171 1452 3256 quin

230 3286 371 3349 sensibus
394 3286 633 3370 perciperetur,
658 3287 732 3371 quia
755 3308 827 3349 cum
851 3306 976 3371 semper
999 3291 1104 3349 atomo
1120 3285 1201 3349 foret
1217 3287 1338 3367 maior,
1354 3287 1451 3350 animi

229 3409 347 3468 atomos
380 3404 562 3487 attingeret.
617 3405 708 3468 Haeo
739 3404 837 3488 igitur
872 3403 1095 3488 disputationis
1128 3425 1201 3489 pars
1235 3404 1375 3490 pertinet
1412 3403 1452 3468 ad

229 3521 364 3606 corporis
387 3526 419 3584 et
442 3522 541 3585 animi
564 3521 836 3603 coniunctionem,
861 3520 900 3583 de
924 3542 985 3606 qua
1008 3542 1053 3584 vs.
1079 3521 1374 3586 323-50100ucus
1404 3527 1452 3584 est

228 3644 320 3722 poeta
351 3645 382 3702 et
416 3659 469 3702 eos
504 3639 653 3723 subsequi
685 3638 781 3701 debet
797 3639 831 3715 2).
877 3637 1002 3700 Deinde
1033 3643 1104 3722 post
1131 3659 1175 3700 vs.
1213 3640 1275 3703 395
1310 3638 1452 3723 sequitur

228 3773 271 3816 vs.
297 3756 377 3836 350,
401 3756 455 3840 qui
470 3755 618 3839 incipita
638 3755 743 3818 verbis
770 3755 872 3840 ,quod
891 3776 986 3839 super
1010 3756 1096 3837 cst’',
1130 3776 1211 3840 quae
1236 3754 1451 3819 demonstrare

228 3870 375 3934 videntur
405 3872 468 3936 iam
502 3872 711 3957 praecessisse
742 3873 838 3936 aliam
874 3872 1106 3954 obiectionem,
1140 3893 1283 3958 quaeque
1306 3872 1388 3936 hanc
1412 3873 1451 3937 ob

228 4007 294 4051 rem
324 4009 379 4051 suo
406 3987 474 4051 loco
498 3989 616 4073 scripta
638 3995 712 4053 sunt
734 3990 768 4052 in
792 3995 920 4070 nostre,
955 3995 1149 4053 nontamen
1173 3989 1206 4051 in
1228 3991 1451 4077 manuscriptt.

261 4343 277 4400 ¹)
311 4343 354 4393 Vs.
373 4344 428 4394 372.

260 4437 281 4500 ²)
315 4439 353 4486 Ad
369 4437 457 4487 horum
475 4437 585 4488 locorum
602 4438 818 4487 commutationem
835 4437 1005 4500 explicandam
1018 4437 1121 4487 fortasse
1132 4453 1182 4487 non
1193 4436 1282 4486 inutile
1294 4442 1331 4487 est
1342 4436 1452 4486 animad-

231 4538 321 4582 vertere
345 4533 452 4582 alterum
477 4536 507 4581 20
525 4548 629 4593 versus,
659 4532 774 4598 paginam
791 4531 869 4582 nostri
885 4531 976 4582 codicis
993 4533 1030 4592 A,
1048 4531 1153 4582 alterum
1170 4535 1200 4581 26
1217 4548 1319 4593 versus,
1336 4531 1452 4596 paginam

232 4627 356 4693 archetypi
372 4629 504 4678 continere.

1262 4726 1282 4785 {s
