3196 5160
772 284 812 346 92

181 485 254 542 sunt
276 485 331 543 aut
353 486 459 545 rectae
479 482 517 564 ¹),
541 482 626 567 quod
649 482 827 568 προλήψεσι
851 482 1016 547 diiudicari
1039 483 1144 547 debet.
1169 483 1202 548 Si
1218 483 1317 548 falsae
1333 488 1408 547 sunt

180 593 240 658 hoo
262 595 337 660 inde
360 597 469 680 oritur,
492 599 577 684 quod
600 602 636 664 τὸ
659 596 776 682 ψεῦδος
800 605 848 664 καὶ
871 603 908 665 τὸ
931 598 1178 686 διημαρτημένον
1202 605 1234 665 ἰν
1250 605 1294 687 τῷ
1308 628 1409 685 προσ·

181 709 381 800 δοξαζομένῳ
411 717 458 782 ἀεί
487 719 549 782 ἐστι
572 717 648 783 κατά
669 721 727 794 τὴν
750 722 870 794 κίνησιν
894 721 925 783 ἐν
950 721 1023 794 ἡμῖν
1048 720 1175 797 αὐτοῖς,
1209 721 1410 801 συνημμένην

182 835 220 916 τῇ
251 839 442 919 φανταστικῇ
464 831 613 920 ἐπιβολῇ.
660 833 773 897 Altera
795 855 892 916 vero,
916 835 1127 920 perspicuitas
1154 836 1220 899 sive
1245 836 1411 921 ἐνάργεια,

184 948 333 1030 quoniam
353 970 372 1011 a
387 949 531 1013 sensibus
546 951 620 1014 solis
636 951 773 1036 pendet,
799 974 961 1038 nunquam
974 958 1080 1038 potest
1093 953 1173 1017 falsa
1186 973 1277 1016 esse:
1302 955 1362 1028 τῆν
1377 979 1412 1017 τε

183 1063 329 1140 αἴσθησιν
353 1066 567 1144 ιἰυαληπτικῆυ
590 1068 689 1135 οὖσαν
705 1075 769 1134 τῶν
786 1072 1030 1136 ὑποπιπτόντων
1047 1073 1142 1158 αὐτῆ,
1165 1076 1213 1137 καὶ
1229 1074 1304 1152 μήτε
1320 1069 1412 1156 ἀφαι-

184 1186 305 1268 ροῦσάυ
328 1214 356 1250 τι
378 1187 453 1268 μήτε
476 1191 702 1271 προστιθεῖσαν
721 1191 795 1268 μήτε
810 1192 1025 1270 μετατιθεῖσαν
1040 1193 1084 1275 τῷ
1100 1188 1225 1272 ἄλογον
1242 1189 1336 1272 εἶναι,
1361 1185 1414 1253 bad

183 1303 304 1381 παντός
330 1331 361 1368 τε
395 1303 582 1381 ἀληθεύειν,
616 1309 663 1369 καὶ
699 1303 780 1368 οὕτω
804 1306 840 1370 τὸ
864 1306 902 1370 ὂν
925 1303 1104 1390 λαμβάνειν
1128 1306 1171 1382 ὡς
1195 1306 1260 1392 εἶχε
1284 1308 1413 1391 φύσεως

184 1419 260 1482 αὐτὸ
284 1421 401 1500 ἐκεῖνο,
432 1420 533 1502 (Sext.
556 1419 650 1505 Emp.
674 1420 745 1484 adv.
768 1420 870 1484 Math.
893 1421 987 1485 VIII.
1013 1424 1043 1499 9)
1068 1421 1174 1485 aiebat
1196 1421 1365 1507 Epicurus.

229 1535 387 1610 Quoniam
415 1558 490 1621 ergo
514 1559 623 1602 omnes
650 1559 761 1602 sensus
783 1539 852 1602 veri
873 1545 967 1622 sunt,
991 1545 1096 1624 potest
1119 1539 1240 1625 aliquid
1263 1540 1415 1624 cognosci

187 1659 219 1717 et
242 1655 385 1740 percipi,
409 1676 513 1741 neque
537 1656 683 1740 scepticis
706 1655 904 1741 philosophis
931 1656 1169 1720 concedendum
1185 1663 1232 1721 est
1247 1656 1415 1721 hominem

187 1771 232 1834 nil
266 1772 346 1836 scire
380 1794 482 1858 posse.
527 1773 619 1838 Haeo
653 1775 810 1838 fluctuans
833 1779 865 1838 et
887 1775 1010 1837 incerta
1032 1775 1113 1838 ratio
1135 1775 1175 1839 iis
1196 1775 1323 1860 placere
1346 1795 1415 1838 non

187 1893 334 1973 poterat,
368 1890 423 1975 qui
454 1910 610 1953 summam
634 1889 841 1954 stabilitatem
865 1896 897 1953 et
920 1868 1104 1954 firmitatem
1127 1890 1343 1976 quaerebant,
1377 1895 1415 1953 ut

187 2005 295 2091 quiete
317 2007 373 2070 illa
395 2006 592 2090 fruerentur,
617 2029 698 2093 quae
721 2008 787 2070 sola
810 2007 952 2070 animum
974 2029 1089 2092 pacare
1113 2013 1229 2092 posset.
1263 2007 1415 2090 Pugnam

189 2143 265 2207 ergo
300 2123 452 2188 adversus
486 2125 641 2210 scepticos
676 2130 883 2210 susceperunt
905 2123 1066 2209 Epicurei.
1113 2124 1147 2188 Si
1169 2124 1239 2210 quis
1262 2128 1355 2208 putat
1379 2143 1415 2187 se

187 2240 268 2304 nihil
299 2242 397 2325 scire,
429 2242 585 2328 quomodo
614 2241 648 2305 id
680 2243 759 2306 scire
792 2245 921 2327 potest?
967 2242 1030 2317 Qui
1064 2239 1261 2326 distinguere
1284 2262 1415 2326 possum

187 2356 272 2421 inter
305 2358 385 2422 illud
417 2359 501 2444 quod
525 2365 573 2423 est
597 2359 677 2423 scire
699 2364 795 2444 atque
818 2359 969 2423 nescire?
1014 2358 1125 2422 Omnis
1146 2357 1227 2422 ratio
1251 2356 1371 2442 pendet
1394 2378 1415 2420 a

188 2475 332 2539 sensibus
344 2473 389 2559 ²),
424 2476 478 2562 qui
512 2476 538 2539 si
571 2476 706 2558 fallunt,
741 2476 823 2540 ratio
855 2497 979 2563 quoque
1014 2482 1062 2539 est
1084 2475 1173 2539 falsa.
1218 2475 1332 2561 Neque
1357 2474 1416 2538 uni

189 2592 314 2656 cuidam
349 2595 455 2657 sensui
489 2594 562 2679 plus
594 2593 669 2657 fidei
702 2592 886 2657 habendum
921 2599 969 2657 est
999 2614 1094 2678 quam
1117 2593 1268 2679 reliquis,
1303 2613 1417 2656 omnes

190 2728 291 2793 aeque
315 2715 387 2773 sunt
410 2711 499 2793 veri,
528 2730 632 2795 neque
656 2709 760 2773 eidem
784 2709 891 2773 sensui
914 2731 977 2773 uno
1000 2715 1144 2794 tempore
1167 2710 1239 2794 plus
1261 2708 1335 2772 fidei
1358 2707 1417 2772 ha-

190 2825 330 2891 bendum
353 2834 401 2892 est
425 2850 520 2915 quam
543 2829 616 2893 alio.
662 2828 773 2892 Omnis
795 2828 897 2911 ratic,
927 2828 999 2914 ipsa
1021 2848 1147 2914 quoque
1169 2828 1236 2891 vita
1259 2825 1416 2910 concidit,

190 2941 216 3005 si
251 2943 395 3007 sensibus
421 2965 485 3007 non
508 2945 644 3030 amphus
666 2944 745 3007 fides
769 2949 817 3007 est
838 2943 995 3008 habenda.
1042 2943 1076 3008 Si
1099 2942 1305 3007 fundamenta
1327 2941 1418 3006 aedi-

189 3059 253 3134 ficii
286 3066 360 3124 sunt
390 3083 488 3146 prava
521 3068 617 3147 atque
644 3061 781 3144 debilia,
816 3068 884 3125 tota
915 3061 1025 3125 domus
1059 3061 1185 3124 ruinam
1208 3065 1332 3124 trahet:
1368 3059 1419 3124 sic

189 3184 257 3242 tota
290 3179 371 3243 ratio
404 3178 481 3242 falsa
513 3181 573 3243 erit
596 3180 622 3243 si
645 3201 757 3243 sensus
780 3178 895 3265 quibus
917 3178 1048 3261 nititur,
1073 3199 1091 3241 e
1114 3176 1229 3262 quibus
1252 3181 1320 3240 orta
1344 3181 1417 3260 est,

190 3302 265 3359 sunt
287 3295 366 3360 falsi.

193 3483 388 3491 .-——---—-

223 3578 243 3643 ¹)
278 3577 311 3626 D.
329 3577 359 3626 L.
378 3580 425 3625 34:
455 3579 505 3637 τῆν
530 3575 555 3625 δὲ
579 3577 656 3632 δόξαν
672 3578 713 3625 καὶ
733 3575 866 3640 ὑπόληψιν
889 3574 1023 3640 λέγουσιν,
1043 3573 1131 3632 ἀληθῆ
1157 3574 1183 3620 τέ
1200 3582 1260 3634 φασι
1276 3571 1319 3619 καὶ
1336 3568 1421 3635 ψευδῆ

192 3674 344 3739 τυγχάνειν.
364 3673 454 3734 ἂνμὲν
471 3674 519 3738 γὰρ
538 3671 741 3735 ἐπιμαρτυρῆται
760 3671 774 3730 ῆ
791 3672 825 3732 μὴ
842 3671 1076 3732 ἀντιμαρτυρῆται,
1095 3667 1181 3726 ἀληθῆ
1193 3667 1257 3714 εἶναι
1270 3678 1274 3687 ·
1287 3663 1368 3713 ἐὰνδὲ
1383 3667 1421 3729 μὴ

191 3766 395 3830 ἐπιμαρτυρῆται
413 3766 428 3826 ἣ
445 3766 678 3828 ἀντιμαρτυρῆται,
696 3763 774 3826 ψευδῆ
792 3764 937 3828 τυγχάνειν.
1016 3800 1019 3804 ,

224 3861 244 3921 ²)
278 3861 364 3911 Cicero
386 3860 530 3924 προλήψεις
555 3858 612 3907 illas
636 3857 748 3908 nominat
772 3862 913 3921 anteceptas
930 3855 1012 3904 animo
1028 3854 1065 3904 rei
1081 3854 1199 3918 quasdam
1215 3852 1420 3914 informationes,

191 3957 244 4007 sive
268 3957 456 4020 anticipationes
480 3956 521 4006 vel
537 3955 611 4004 etiam
627 3953 813 4017 praenotiones:
837 3954 867 4002 dc
884 3952 942 4001 Nat.
960 3953 1025 4002 deor.
1044 3952 1057 4001 I
1076 3966 1128 4013 cap.
1149 3953 1177 3997 16
1195 3953 1220 3998 et
1239 3951 1284 4000 17:
1302 3963 1346 4010 per
1362 3955 1422 3996 ante

192 4053 233 4102 vel
253 4070 313 4114 ριίιι
336 4052 362 4101 iu
387 4051 455 4101 hisce
480 4050 562 4100 verbis
585 4049 726 4113 compositis
751 4055 833 4098 tamen
851 4047 972 4110 expressit
989 4045 1090 4095 minime
1106 4050 1199 4094 rectam
1216 4041 1372 4092 sententiam.
1397 4042 1421 4092 E

193 4147 272 4210 cupite
300 4152 327 4202 17
352 4149 416 4198 enim
441 4153 542 4211 apparet
566 4163 623 4196 eum
648 4146 744 4209 opinari
760 4145 804 4194 has
822 4143 966 4208 πραλῆψιις
984 4145 1071 4191 insitos
1087 4141 1127 4191 vel
1143 4139 1225 4202 potius
1242 4140 1338 4186 ιἰυιιιιαο
1354 4153 1419 4188 esse.

193 4245 228 4293 At
253 4246 318 4308 quod
343 4244 474 4294 Lucretius
496 4259 570 4307 supra
589 4243 616 4291 in
641 4246 713 4291 textu
729 4239 789 4289 dicit
805 4240 836 4289 ab
853 4239 961 4302 Epicuro
978 4239 1136 4287 confirmatur
1152 4234 1262 4284 dicente:
1285 4233 1317 4282 D.
1335 4233 1365 4281 L.
1385 4235 1419 4283 X.

194 4342 239 4388 23:
259 4344 312 4399 πᾶς
328 4344 376 4407 γὰρ
395 4343 470 4405 λόγος
487 4343 539 4391 ἀπὸ
556 4345 607 4389 τῶν
624 4338 768 4396 αἰσθῆσειον
784 4338 909 4400 ῆρτηταιε
930 4351 987 4397 ergo
1003 4333 1103 4382 innatae
1119 4347 1172 4381 esse
1188 4347 1238 4379 nou
1255 4332 1358 4392 possunt
1376 4345 1422 4380 cos

192 4434 312 4485 notiones.
347 4434 412 4490 Quid
434 4433 485 4483 sint
509 4433 650 4498 προλήψεις
666 4432 719 4495 ipse
736 4431 858 4494 Epicurus
875 4428 938 4479 dixit
955 4430 986 4478 D.
1005 4430 1033 4478 L.
1053 4427 1085 4475 X.
1104 4430 1150 4475 33:
1176 4426 1225 4485 τὴν
1242 4425 1266 4474 δὲ
1285 4423 1422 4488 πρόληψιν

193 4532 309 4598 λέγουσιν
326 4531 400 4582 οἱονεὶ
418 4531 589 4591 πατάληψιυῆ
602 4531 678 4585 δόξαν
689 4531 770 4594 όρθῆν
782 4530 797 4588 ῆ
809 4528 911 4579 ἔννοιαν
923 4527 939 4586 ῆ
951 4526 1092 4584 καθολιιτῆν
1104 4525 1193 4581 νόησιν
1204 4519 1420 4584 ἐναποκειμένην,

194 4627 343 4677 τουτέστι
365 4629 494 4690 μνῆμην
512 4630 563 4675 τοῦ
583 4627 740 4682 πολλάκις
757 4624 876 4681 ἔξωθεν
892 4623 1073 4688 φανέντος.
1089 4655 1094 4667 .
1110 4654 1115 4665 .
1134 4618 1172 4667 Cf.
1191 4632 1254 4681 quae
1271 4620 1420 4680 sequuntur.
