3196 5160
760 293 821 355 150

181 516 245 559 non
279 516 357 581 opus
387 500 445 559 est.
495 494 580 559 Satis
615 493 677 558 erit
711 492 737 556 si
771 492 1004 557 ostenderimus
1037 493 1224 558 Lucretium
1257 493 1405 577 magistri

181 612 299 698 placita
328 617 453 676 tantum
482 611 611 675 referre.
658 610 704 675 Ut
736 609 795 674 hoo
825 610 935 674 videas
961 611 999 674 cf.
1023 632 1068 674 vs.
1093 613 1243 674 96-160
1265 633 1339 674 cum
1361 610 1404 674 D.

181 729 218 794 L.
243 729 285 794 X.
312 732 393 812 100,
416 750 463 793 vs.
489 730 658 792 161-322
675 749 747 792 cum
762 727 802 791 D.
819 729 856 791 L.
873 728 914 791 X.
936 730 993 792 101
1013 734 1045 791 ct
1065 730 1143 811 102,
1167 750 1213 792 vs.
1229 729 1406 792 323-378

181 867 254 910 cum
283 846 323 910 D.
347 846 385 910 L.
408 845 448 909 X.
475 848 557 928 103,
591 844 675 931 quod
697 866 770 909 curn
791 844 904 908 feceris
927 850 959 908 ct
982 845 1016 907 in
1039 850 1179 908 mentem
1202 845 1407 908 revocaveris

183 962 314 1049 Epicuri
337 963 487 1048 epistolas
509 968 574 1026 tres
597 983 707 1026 eorum
730 967 855 1025 tantum
878 982 946 1024 esse
970 961 1143 1046 epitomen,
1167 961 1248 1046 quae
1263 961 1298 1023 in
1313 961 1408 1025 libris

185 1079 353 1145 XXXVII
376 1086 445 1165 περὶ
461 1083 584 1165 φύσεως
599 1079 755 1164 copiosius
772 1079 972 1164 exposuerit,
996 1078 1120 1163 patebit
1135 1078 1323 1142 Lucretium
1337 1099 1407 1140 non

184 1219 242 1261 sua
263 1197 395 1261 inventa
417 1197 553 1261 tradere.
598 1197 756 1282 Epicurus
778 1194 859 1260 hanc
875 1201 999 1281 partem
1016 1195 1176 1259 doctrinae
1192 1195 1278 1259 hisce
1295 1195 1408 1259 verbis

181 1313 342 1378 concludit
355 1316 395 1395 1);
419 1319 467 1380 καὶ
492 1315 556 1380 κατ’
580 1314 703 1394 ἄλλους
727 1311 758 1380 δὲ
782 1316 921 1400 τρόπους
944 1313 1096 1388 πλείονας
1118 1311 1271 1399 ἐνδέχεται
1295 1341 1408 1398 κεραυ-

182 1435 258 1508 νοὺς
293 1431 528 1508 ἀποτελεῖσθαι,
563 1432 664 1511 μόνον
688 1434 705 1495 ὁ
728 1434 833 1512 μῦθος
863 1433 984 1496 ἀπέστω
1010 1450 1016 1463 ·
1043 1431 1170 1496 ἇπέσται
1194 1428 1242 1507 δι’,
1277 1431 1331 1494 ἐάν
1357 1459 1409 1506 τις

182 1546 287 1627 καλῶς
316 1555 385 1622 τοῖς
422 1548 621 1632 φαινομένοις
650 1545 839 1611 ἀκολουθῶν
869 1551 938 1630 περὶ
968 1550 1031 1610 τῶν
1062 1545 1193 1631 ἀφανῶν
1227 1551 1406 1628 σημειῶται.

181 1663 263 1727 Item
297 1663 465 1727 Lucretius
498 1668 571 1748 post
600 1663 779 1747 expositam
815 1662 990 1727 doctrinam
1023 1669 1131 1726 monet
1164 1685 1205 1727 ne
1235 1663 1408 1727 credamus

181 1779 357 1865 Tyrrhenis
389 1779 580 1850 carminibus
614 1780 747 1864 aliisque
781 1779 936 1843 eiusmodi
958 1779 1219 1844 hariolationibus
1242 1781 1334 1866 quasi
1360 1780 1407 1844 dii

181 1898 255 1961 irati
278 1897 412 1961 fulmina
434 1897 623 1960 demittant:
646 1897 756 1961 inania
778 1903 850 1959 suut
873 1896 969 1980 haec,
993 1919 1065 1961 cum
1087 1897 1157 1982 ipsa
1179 1896 1407 1982 phaenomena

180 2013 221 2076 iis
244 2018 424 2099 repugnent
435 2013 468 2096 2).
512 2012 637 2077 Deinde
668 2012 826 2098 Epicurus
848 2019 1007 2098 presteras
1022 2014 1178 2099 quomodo
1194 2015 1271 2077 fiant
1288 2015 1407 2098 docet,

181 2128 267 2194 idem
297 2129 467 2194 Lucretius
495 2150 542 2193 vs.
573 2131 755 2193 423-450.
801 2129 890 2203 Quae
923 2135 991 2193 turn
1021 2130 1107 2215 apud
1129 2151 1203 2194 eum
1226 2138 1408 2216 sequuntur

184 2247 223 2311 de
246 2246 384 2311 nubibus
406 2268 451 2311 vs.
476 2248 647 2328 451-94,
671 2245 710 2310 de
732 2246 841 2332 pluvia
862 2268 908 2310 vs.
932 2246 1125 2328 deo-526,
1148 2252 1185 2310 ut
1208 2268 1304 2332 supra
1321 2247 1408 2311 dixi-

181 2386 272 2447 mus,
303 2364 461 2450 Epicurus
494 2363 635 2449 explicat
663 2363 698 2426 in
728 2363 863 2448 epistola
892 2363 932 2427 ad
965 2363 1157 2448 Pythoclem
1186 2384 1311 2449 paragr.
1351 2368 1407 2429 99.

182 2481 272 2556 Quae
300 2482 339 2546 de
366 2488 469 2546 terrac
492 2481 631 2546 motibus
653 2481 833 2545 referuntur
854 2503 899 2544 vs.
924 2484 1094 2546 535-607
1118 2482 1203 2568 apud
1225 2482 1409 2568 Epicurum

180 2598 325 2664 invenies
347 2599 368 2663 l.
391 2600 412 2663 l.
439 2602 510 2664 105.
554 2600 689 2663 Poetam
721 2606 829 2662 tamen
862 2599 950 2662 aliud
983 2599 1114 2684 Epicuri
1148 2621 1227 2683 opus
1256 2606 1409 2663 secutum

182 2737 251 2780 esso
274 2738 368 2802 quam
392 2717 543 2801 epistolas
566 2723 699 2801 apparet
722 2737 764 2780 ex
786 2717 877 2779 initio
900 2716 995 2779 huius
1011 2716 1131 2801 partis,
1155 2716 1210 2779 ubi
1226 2722 1311 2780 terra
1328 2716 1409 2781 dici-

181 2837 233 2898 tur
259 2839 387 2919 „supter
407 2834 486 2897 item
501 2839 537 2897 ut
552 2853 667 2918 supera
681 2833 821 2897 ventosis
836 2833 975 2919 undique
991 2834 1086 2918 plena
1101 2834 1260 2920 speluncis
1284 2835 1408 2917 (esse)'’

182 2955 265 3015 cett.
292 2950 450 3036 ,undique
473 2950 560 3015 enim
582 2950 718 3014 similem
740 2970 809 3014 esse
832 2950 881 3014 sui
903 2971 954 3014 res
970 2951 1109 3034 postulat
1124 2949 1263 3035 ipsa³)”.
1309 2950 1408 3017 Haec

181 3074 342 3154 postrema
363 3067 461 3131 verba
484 3067 569 3131 enim
590 3066 758 3131 referenda
780 3072 854 3130 sunt
876 3067 917 3131 ad
939 3067 1044 3151 legem
1067 3067 1105 3130 de
1123 3071 1288 3154 ἰσονομίᾳ,
1306 3090 1408 3154 quam

182 3185 320 3271 Epicuro
350 3184 506 3271 placuisse
536 3184 646 3249 Oioero
680 3183 778 3248 refert
806 3185 840 3246 in
869 3184 959 3248 libris
992 3184 1031 3248 de
1064 3185 1188 3248 Natura
1219 3185 1352 3249 deorum
1368 3185 1406 3264 4).

181 3303 356 3368 Praeterea
368 3323 449 3387 quae
464 3302 549 3386 apud
561 3302 746 3366 Lucretium
763 3302 918 3387 copiosius
934 3323 1028 3387 quam
1042 3303 1076 3364 in
1092 3303 1226 3387 epistola
1238 3324 1408 3387 exponun-

181 3427 234 3485 tur
268 3441 310 3485 ex
345 3420 468 3485 Graeco
502 3420 589 3484 fonte
621 3420 716 3484 ducta
749 3441 818 3483 esse
849 3420 998 3483 coniicias
1021 3440 1063 3484 ex
1086 3421 1242 3505 exemplis
1265 3442 1294 3483 v.
1321 3424 1406 3504 585,

181 3559 277 3624 quem
307 3537 427 3602 fontem
460 3537 560 3624 ipsius
595 3537 726 3622 Epicuri
749 3537 903 3622 scriptum
927 3538 1054 3624 aliquod
1076 3559 1144 3602 esse
1167 3539 1332 3624 probabile
1356 3547 1407 3605 est

180 3677 218 3720 eo
241 3654 325 3741 quod
347 3654 522 3741 Epicurum
544 3655 674 3719 uberius
698 3654 736 3718 de
759 3653 819 3718 hac
842 3655 1026 3740 quaestione
1050 3656 1234 3740 exposuisse
1257 3677 1354 3742 quam
1370 3659 1405 3722 in

181 3771 338 3857 epistola,
362 3777 496 3856 apparet
518 3792 561 3834 ex
584 3771 707 3836 Seneca
728 3775 793 3834 nat.
818 3777 939 3857 quaest.
963 3771 1022 3834 VI.
1046 3793 1113 3856 cap.
1137 3774 1179 3835 20
1194 3773 1229 3849 ⁵).

223 3888 393 3973 Ingeniosa
416 3893 512 3973 poeta
534 3887 659 3952 Aetnae
683 3889 860 3973 eruptionis
880 3909 990 3951 causas
1005 3889 1168 3974 exponit..
1191 3889 1281 3953 Inter
1297 3892 1406 3956 omnia

181 4005 286 4089 bona,
310 4005 427 4092 quibus
450 4005 580 4091 Epicuri
603 4005 746 4071 doctrina
768 4011 890 4070 ceteras
912 4027 1022 4070 omncs
1047 4007 1233 4092 superabat,
1256 4007 1405 4075 hocerat

217 4206 236 4271 1)
271 4206 474 4258 n.n.x.140.

212 4300 235 4362 ²)
267 4300 311 4352 Vs.
331 4301 468 4352 ata-422.

212 4395 230 4454 ³)
263 4394 307 4445 Vs.
328 4397 383 4444 542.

212 4491 231 4550 ⁴)
265 4490 298 4551 Ι,
316 4492 363 4539 5⁰:
381 4489 535 4554 ‚aequabilis
550 4489 670 4541 tributio:
689 4494 719 4541 ut
734 4489 848 4541 omnibus
864 4484 947 4540 omnia
962 4490 1063 4554 paribus
1079 4490 1148 4554 paria
1164 4493 1354 4556 respondeant”.

214 4585 234 4649 5)
269 4583 499 4646 Of.infrap.152.
