3196 5160
774 326 815 391 38

180 553 262 596 mus.
292 529 418 597 Oadunt
434 530 520 594 enim
542 529 639 594 atomi
663 529 837 594 seeundum
853 529 972 594 lineam
984 535 1105 594 rectam
1116 529 1169 592 vel
1181 549 1262 614 quae
1274 526 1408 613 paulum

181 648 221 713 ab
234 669 272 712 ea
286 647 434 711 declinat.
459 646 522 711 Sed
534 652 712 711 atomorum
725 646 867 711 infinitus
884 653 932 711 est
948 668 1109 727 numerus,
1126 646 1288 730 complent
1304 649 1407 707 toturn

182 765 320 850 spatium
354 764 400 829 ita
433 769 469 827 ut
503 785 659 850 nusquam
683 764 724 826 sit
748 785 858 827 earum
882 784 999 848 expers
1022 783 1168 826 vacuum.
1215 760 1336 836 Quodsi
1363 760 1409 824 ita

182 887 252 965 est,
286 882 384 946 atomi
415 880 529 946 cadere
552 903 615 945 non
638 887 791 968 possunt,
814 903 889 945 nam
912 880 995 968 quod
1018 881 1103 946 cadit
1126 880 1265 966 spatium
1287 878 1408 942 habere

182 998 278 1063 debet
311 1019 369 1084 per
399 998 483 1085 quod
506 998 608 1082 cadit,
641 998 675 1062 id
699 998 782 1086 quod
804 999 873 1086 ipse
896 999 1055 1084 Epicurus
1078 1004 1111 1062 et
1134 996 1303 1061 Lucretius
1325 994 1408 1059 affir-

181 1122 281 1182 mant.
326 1114 372 1180 At
395 1138 425 1177 00
449 1138 457 1179 :
481 1138 512 1178 αο
535 1141 577 1168 =
603 1118 637 1198 1,
671 1116 810 1201 spatium
844 1116 944 1200 igitur
978 1137 1036 1203 per
1066 1114 1150 1202 quod
1172 1113 1287 1179 cadant
1309 1111 1408 1176 atomi

182 1257 246 1299 non
278 1232 377 1300 adest.
422 1232 532 1298 Atomi
555 1253 590 1297 re
616 1254 690 1296 vera
712 1233 746 1297 in
768 1255 868 1297 vacuo
892 1254 926 1297 se
949 1254 1079 1297 movere
1102 1237 1236 1318 possunt
1259 1230 1315 1294 scd
1338 1236 1407 1293 tan-

182 1351 365 1433 tummodo,
389 1351 416 1414 si
439 1350 478 1414 de
501 1356 567 1414 toto
590 1371 723 1414 numero
746 1372 849 1415 sermo
872 1357 941 1433 est,
965 1352 999 1414 in
1022 1350 1197 1431 circulum,
1222 1349 1352 1412 volvere
1373 1367 1407 1411 se

183 1471 302 1535 debent
324 1470 408 1534 circa
430 1490 535 1533 axem.
560 1469 777 1551 Democritus,
801 1469 854 1554 qui
882 1469 915 1532 in
941 1468 1037 1533 rebus
1062 1467 1297 1533 mathematicis
1312 1467 1408 1550 longe

182 1588 341 1673 longeque
375 1586 550 1672 Epicurum
585 1585 775 1670 superabat,
815 1592 935 1650 rectam
969 1585 1076 1650 docuit
1107 1585 1302 1666 doctrinam,
1334 1605 1408 1647 cum

183 1711 265 1769 teste
298 1705 445 1788 Diogene
475 1704 604 1769 Laertio
626 1703 646 1787 ¹)
682 1703 871 1768 affirmaret:
912 1709 959 1770 καὶ
994 1703 1051 1783 τάς
1084 1705 1223 1786 ἀτόμους
1258 1701 1409 1783 ἀπείρους

184 1821 261 1889 εἶναι
283 1820 359 1887 rard
381 1824 516 1907 μέγεθος
538 1826 586 1887 καὶ
610 1820 759 1900 πλῆθος,
782 1826 973 1906 φέρεσθαι
998 1819 1024 1889 δ’
1040 1825 1078 1887 ἐν
1101 1827 1150 1907 τῷ
1172 1820 1257 1906 ὅλῳ
1280 1817 1409 1886 δινου-

183 1942 317 2022 μένας.
361 1938 478 2002 Iurene
502 1937 584 2001 dixit
607 1938 718 2003 Oicero
742 1938 944 2022 Gargettium
968 1960 1023 2021 ea,
1047 1959 1128 2025 quae
1155 1937 1194 2001 ab
1223 1937 1408 2001 Democrito

184 2061 331 2119 mutuata
365 2054 524 2139 corrigere
557 2053 655 2137 velit,
692 2055 866 2141 depravare
899 2053 1065 2139 viderir2)
1110 2055 1149 2118 In
1182 2054 1267 2118 idern
1292 2054 1409 2118 vitium

183 2177 279 2258 pocta
311 2172 476 2237 Romanus
509 2193 634 2258 quoque
668 2172 769 2236 irruit.
815 2173 847 2237 N
849 2194 884 2236 eo
918 2194 982 2237 non
1015 2173 1049 2237 in
1084 2172 1307 2258 gravissimum
1329 2171 1411 2235 illud

184 2289 316 2376 Epicuri
347 2290 480 2373 vitium,
511 2312 573 2377 quo
604 2291 673 2376 ipse
710 2291 902 2377 principium
936 2313 1013 2355 suae
1037 2291 1199 2356 doctrinae
1223 2289 1410 2374 (secundum

185 2407 270 2493 quod
302 2406 425 2471 nihile
458 2406 559 2470 nihilo
594 2406 663 2470 fieri
697 2408 818 2493 possit,
854 2407 910 2471 sed
943 2407 1049 2471 omnia
1078 2428 1159 2493 quae
1182 2407 1259 2470 fiant
1281 2427 1411 2470 oausam

184 2523 336 2606 habeant)
367 2523 544 2606 subvertit,
574 2530 670 2609 poeta
699 2523 907 2611 philosophus
941 2530 1049 2588 noster
1080 2525 1177 2588 etiam
1203 2522 1325 2588 incidit.
1371 2524 1411 2587 In

184 2662 284 2706 vacuo
318 2640 425 2705 omnia
458 2661 590 2726 corpora
612 2662 713 2728 aeque
736 2642 883 2706 celeriter
906 2641 1040 2724 cadunt,
1064 2641 1213 2728 quoniam
1235 2640 1316 2705 nihil
1340 2648 1410 2723 est,

185 2757 268 2844 quod
290 2757 330 2820 iis
352 2758 479 2821 resistat
494 2754 529 2841 π)
575 2757 695 2833 Quodsi
717 2759 763 2822 ita
786 2763 844 2841 est,
867 2759 964 2822 atomi
987 2759 1071 2822 inter
1094 2779 1127 2823 se
1150 2780 1314 2845 nunquam
1337 2780 1411 2824 con-

185 2895 312 2939 currere
345 2879 499 2961 possunt,
534 2873 590 2938 sed
624 2874 798 2939 secundum
828 2875 929 2940 lineas
955 2876 1188 2962 παραλλήλους
1215 2875 1330 2941 cadant
1355 2897 1411 2940 ne·

185 3013 273 3058 oesse
303 2970 361 3056 e'st.
405 2990 568 3076 Epicuro,
602 2997 638 3054 ut
668 2991 729 3055 hoc
751 2991 867 3056 vitium
890 2992 1067 3077 effugeret,
1090 3013 1220 3056 necesse
1242 2993 1412 3057 videbatur

185 3114 326 3172 statuere
370 3112 491 3172 atomos
537 3113 623 3172 certo
658 3113 822 3192 tempore,
858 3109 1019 3172 nescimus
1054 3108 1109 3173 ubi
1144 3114 1176 3172 et
1211 3109 1357 3196 quando,
1392 3131 1411 3173 a

185 3226 271 3290 linea
303 3229 392 3290 recta
425 3222 599 3290 declinasse
633 3226 822 3311 perpaulum
860 3247 937 3307 ,nco
967 3226 1159 3313 plusquam
1181 3227 1368 3290 minimum''
1384 3229 1410 3312 4)

184 3343 230 3407 ita
263 3348 299 3407 ut
325 3343 409 3407 inter
439 3364 473 3407 se
500 3342 625 3407 concuti
658 3349 797 3428 possent.
844 3345 1013 3409 Lucretius
1041 3350 1073 3408 et
1096 3345 1254 3430 Epicurus
1277 3365 1341 3407 non
1365 3344 1411 3408 di-

185 3466 282 3544 cunt,
317 3481 394 3523 num
425 3479 535 3524 omnes
565 3460 662 3524 atomi
686 3460 847 3525 declinent
871 3461 970 3547 (quod
994 3483 1011 3526 e
1034 3467 1188 3526 contextu
1212 3460 1301 3547 sequi
1322 3461 1412 3525 vide-

219 3709 240 3770 11
273 3707 328 3758 IX:
347 3711 387 3756 44.

217 3803 240 3867 ²)
273 3801 873 3865 111111116,171118,101121,1111.

218 3900 240 3963 ³)
272 3897 328 3949 Vol.
346 3897 590 3958 Η111111.ΙΙ,10111.
609 3898 654 3959 II,
674 3901 718 3947 160
738 3899 887 3965 ἰσοταχ1(ις)
906 3900 951 3949 εἰσι
969 3898 995 3950 αἱ
1013 3898 1131 3965 (α’)πομοι.
1146 3900 1177 3950 Ι).
1196 3900 1225 3950 L.
1243 3899 1283 3961 X,
1301 3903 1351 3950 61:
1370 3903 1413 3952 καί

185 3995 237 4060 μὴν
262 3995 304 4044 καὶ
330 3994 459 4059 ἰσοταχεῖς
485 3996 629 4060 ἀναγκαῖον
655 3998 702 4054 τὰς
719 3996 828 4059 ἀτόμους
847 3999 928 4056 εἶναι,
954 3995 1019 4046 ὅταν
1039 3997 1080 4047 διὰ
1099 3999 1143 4047 τοῦ
1161 3999 1233 4048 κενοῦ
1251 3997 1413 4062 εἰςφέρωνται

186 4090 292 4155 μηδενὸς
318 4091 609 4150 ἀντικόπτοντος.οι’1τε
638 4095 686 4157 γὰρ
715 4100 746 4141 τὰ
771 4091 854 4157 βαρέα
880 4095 980 4142 θᾶττον
1004 4092 1151 4152 οἰσθήσεται
1182 4099 1234 4142 τῶν
1257 4096 1353 4158 μακρῶν
1370 4097 1414 4144 col

187 4187 287 4249 κούφων
314 4187 378 4238 ὅταν
403 4204 431 4251 γε
457 4186 487 4246 δὴ
513 4185 590 4249 μηδὲν
614 4188 722 4252 ἀπαντᾷ
746 4187 921 4246 αὐτοῑςλοῦτε
947 4193 979 4238 τὰ
1004 4191 1082 4253 μικρὰ
1099 4193 1151 4238 πῶν
1168 4193 1298 4253 μεγάλων,
1323 4191 1413 4240 πάντα

187 4285 270 4345 πόρον
296 4281 440 4345 σύμμετρον
465 4281 575 4346 ἔχοντα,
601 4281 665 4332 ὅταν
692 4284 772 4345 μηθὲν
795 4284 854 4345 μήτ’
880 4281 981 4341 ἐκείνοις
1006 4285 1157 4348 ἀντικόπτῃ,
1190 4283 1230 4332 Ex
1246 4283 1292 4333 hoc
1308 4284 1414 4334 notabili

186 4374 279 4440 placito
296 4374 379 4425 videre
396 4375 467 4437 licet,
485 4382 605 4442 quantum
622 4376 735 4427 veritatis
751 4377 778 4426 in
795 4377 898 4443 physica
915 4377 1028 4428 doctrina
1047 4395 1144 4444 quoque
1164 4379 1216 4428 sola
1226 4378 1290 4429 ratio
1300 4379 1414 4431 invenire

188 4472 267 4537 possit
294 4477 319 4522 et
345 4472 464 4538 quamdiu
489 4473 610 4525 eiusmodi
625 4473 728 4524 inventa
743 4473 793 4524 iam
809 4480 868 4525 nota
885 4490 937 4525 esse
953 4475 1064 4538 possint,
1089 4481 1221 4540 antequam
1238 4474 1414 4539 experimentis

187 4568 331 4633 probentur.

221 4666 238 4724 ⁴)
275 4664 447 4726 11,vs.244.
