3196 5160
315 1000 590 1094 CAPUT
645 998 1085 1095 SEPTIMUM.

213 1667 278 1728 DE
314 1665 532 1727 Monuni
572 1666 843 1728 tuost-:Til
882 1665 1189 1728 ῠΟΟΤΒΙΝΑ.

133 1944 263 2029 Epicuri
293 1951 436 2028 tempore
459 1943 640 2029 respublica
663 1942 872 2008 Atheniensis
894 1942 958 2006 iam
983 1942 1037 2007 diu
1058 1943 1209 2028 pristinas
1229 1944 1313 2009 vires

88 2060 247 2124 amiserat.
280 2060 367 2124 Dum
391 2081 429 2124 ea
452 2060 584 2123 florebat
609 2081 718 2123 omnes
742 2060 827 2123 cives
851 2060 1011 2123 communi
1036 2080 1191 2124 consensu
1214 2061 1313 2125 totius

88 2175 227 2240 civitatis
243 2177 377 2240 salutem
400 2177 613 2262 quaerebant:
640 2176 699 2240 etsi
724 2176 762 2239 de
787 2176 860 2257 via,
885 2197 948 2261 qua
971 2176 1112 2260 petenda
1134 2182 1224 2259 erat,
1248 2197 1312 2240 non

88 2315 199 2358 omnes
222 2294 479 2377 consentiebant,
503 2315 633 2358 concors
649 2300 757 2357 tamen
778 2298 847 2356 erat
875 2293 993 2356 civium
1009 2293 1095 2357 vitae
1111 2294 1206 2377 ratio,
1224 2295 1313 2380 quasi

89 2432 185 2474 unam
208 2410 361 2475 familiam
384 2412 624 2475 constituerent.
650 2410 714 2474 Sed
738 2411 898 2474 communi
920 2411 975 2474 illo
990 2411 1118 2474 vinculo
1133 2411 1311 2495 confracto,

88 2549 145 2591 sua
167 2528 281 2614 cuique
297 2529 381 2592 salus
404 2529 471 2592 solo
486 2529 572 2592 cordi
590 2535 667 2592 erat.
692 2528 776 2603 Quid
793 2528 940 2591 omnibus
954 2527 1104 2612 prodesse
1122 2536 1230 2614 posset
1246 2551 1311 2593 non

88 2646 226 2731 primum
249 2647 477 2732 quaerebatur,
501 2647 557 2710 sed
580 2646 737 2733 quomodo
768 2647 901 2732 quisque
924 2645 1061 2709 iucunde
1083 2647 1193 2724 rivere
1206 2654 1313 2732 posset

90 2769 122 2827 et
145 2763 338 2848 tranquille,
362 2763 395 2826 id
417 2785 526 2827 omnes
551 2764 759 2846 sollicitabat,
783 2770 816 2827 et
838 2785 900 2849 quo
925 2764 1026 2848 magis
1048 2755 1230 2848 respublica
1245 2770 1313 2828 erat

91 2878 256 2943 debilitata
291 2885 323 2943 et
357 2885 450 2943 vetus
480 2880 593 2964 religio
617 2886 800 2965 contempta
822 2879 967 2961 iacebat,
1003 2901 1040 2943 eo
1062 2862 1165 2964 magis
1188 2902 1206 2945 e
1230 2902 1313 2944 com·

90 2999 178 3061 muni
210 2998 278 3062 vita
309 2998 470 3083 sapientes
494 3004 525 3061 et
549 2998 632 3062 docti
656 2998 716 3061 viri
739 2997 964 3080 confugiebant
987 2998 1028 3062 ad
1050 2997 1313 3084 philosophorum

92 3113 269 3198 doctrinas,
293 3122 328 3178 ut
352 3116 449 3179 animi
473 3116 737 3201 tranquillitatem
759 3121 1014 3200 assequerentur.
1052 3116 1136 3179 Nam
1160 3117 1229 3201 ipsa
1243 3115 1314 3202 phi-

91 3228 253 3316 losophia,
288 3252 383 3317 quam
418 3232 563 3295 Socrates
593 3231 657 3296 iam
687 3231 803 3295 dicitur
828 3231 1190 3315 ,devocasseecae10,
1226 3239 1257 3297 et
1281 3234 1314 3296 in

92 3347 221 3412 urbibus
256 3349 426 3414 collocasse
462 3354 494 3412 et
527 3349 560 3411 in
592 3349 701 3413 domos
731 3350 827 3413 ctiam
849 3350 1081 3432 introduxisse,
1117 3356 1148 3413 et
1172 3351 1314 3434 coegisse

91 3462 126 3528 de
150 3466 218 3529 vita
241 3472 273 3529 et
295 3466 457 3549 moribus,
481 3466 639 3552 rebusque
663 3467 753 3531 bonis
777 3472 809 3530 et
830 3467 923 3531 malis
946 3467 1120 3553 quaerere''
1138 3468 1159 3549 ¹)
1191 3468 1225 3530 in
1248 3489 1313 3532 mo-

87 3583 145 3647 rali
170 3583 313 3647 doctrina
335 3584 401 3647 fere
425 3588 492 3647 tota
514 3584 721 3666 versabatur,
746 3605 817 3647 cum
840 3583 972 3670 physica
995 3590 1027 3647 et
1050 3585 1201 3648 canonica
1224 3585 1314 3669 quasi

84 3701 223 3765 ancillae
254 3707 359 3764 essent
393 3700 523 3764 ethices.
567 3702 682 3786 Itaque
715 3700 903 3786 Ἐπίκουρος
927 3702 1014 3785 ’ἔλεγε
1037 3704 1094 3778 τὴν
1118 3702 1313 3788 φιλοσοφίαν

81 3813 244 3905 ἐνέργειαν
268 3820 344 3885 εἶναι
367 3817 482 3904 λόγοις
505 3823 553 3883 καὶ
578 3815 797 3904 διαλογισμοῖς
815 3802 876 3882 Ιτὸν
901 3818 1067 3901 εὐδαίμονα
1084 3816 1164 3904 βίον
1179 3846 1314 3904 περιποι-

76 3945 187 4002 οῦσαν
202 3933 239 4018 ²).
283 3936 502 4000 Romanorum
523 3935 721 4020 respublica,
746 3935 805 4000 etsi
827 3935 960 3999 ineunte
977 3937 1102 4000 saeculo
1117 3937 1219 4022 primo
1236 3942 1310 4000 ante

76 4047 250 4131 Christum
273 4053 381 4116 multis
405 4059 473 4117 erat
495 4054 640 4138 partibus
663 4053 702 4117 ab
725 4052 933 4135 Atheniensi,
963 4053 1064 4139 qualis
1088 4058 1156 4116 erat
1178 4051 1312 4137 Epicuri

71 4167 252 4256 tempore,
284 4170 428 4253 diversa,
458 4170 519 4234 hoc
543 4176 652 4234 tamen
674 4171 758 4233 inter
781 4176 948 4255 utramque
973 4169 1203 4252 conveniebat,
1228 4169 1312 4255 quod

74 4308 275 4364 „commune
308 4287 447 4351 bonum”
482 4309 546 4351 non
579 4288 716 4372 amplius
751 4287 836 4351 cives
859 4307 968 4350 omnes
991 4286 1165 4369 incitabat,
1201 4292 1237 4349 ut
1260 4287 1313 4350 vel

68 4458 294 4479 N—-n-—a

118 4580 138 4644 ¹)
173 4578 225 4630 eiu.
242 4577 314 4642 Disp.
332 4577 406 4628 Tuse.
423 4577 467 4627 lib.
485 4577 516 4629 V.

117 4673 139 4738 ¹)
175 4673 243 4724 Sext.
260 4673 333 4737 Emp.
352 4677 421 4738 Πρὸς
439 4672 543 4738 δογματ.
561 4673 591 4722 Ε.
612 4676 665 4722 169.
