3196 5160
777 286 818 347 62

188 489 293 556 coetui
316 487 471 573 (corpori).
516 486 584 551 Vix
617 508 711 572 porro
746 486 876 551 credere
909 508 1039 573 possum
1062 487 1241 573 Epicurum
1270 486 1324 553 hic
1346 492 1411 553 tres

188 608 286 673 animi
308 612 415 693 partes
430 611 555 669 tantum
572 625 792 687 enumerasse,
817 626 890 669 cum
906 605 1093 687 Lucretius,
1109 603 1324 687 Plutarchus,
1341 603 1411 669 eto-

186 725 285 791 baeus
307 729 457 811 quattuor
480 724 509 787 ei
531 723 683 787 tribuant.
707 721 802 786 Aeris
818 722 1013 785 elementum
1034 721 1132 786 deest.
1164 723 1286 785 Aerem
1302 726 1411 787 autem

188 842 358 908 Lucretius
392 841 468 904 dicit
502 861 628 926 semper
661 861 734 903 cum
767 839 871 904 calore
895 845 927 903 et
949 859 1067 925 vapore
1091 839 1297 904 coniunctum
1320 859 1411 904 esse:

187 982 281 1048 porro
314 959 426 1044 negari
459 980 522 1023 nou
545 963 650 1043 potest
673 977 747 1021 eum
770 958 867 1022 etiam
890 961 1039 1040 πνεύματι
1063 957 1130 1021 sive
1152 978 1250 1022 aurae
1273 957 1412 1022 similem

188 1099 267 1143 esse.
312 1077 362 1141 De
396 1077 502 1141 animo
534 1096 627 1162 porro
662 1075 716 1161 qui
751 1075 835 1139 dicet
858 1096 932 1139 eum
955 1075 1048 1139 modo
1072 1095 1169 1139 aurae
1192 1074 1288 1140 modo
1312 1075 1411 1140 calori

188 1196 324 1260 similem
348 1196 582 1281 (προσεμφερές)
607 1194 702 1257 esse?
746 1194 908 1277 Legamus
937 1193 1057 1277 igitur:
1093 1196 1412 1279 προσεμφερέστατον

187 1311 219 1380 δὲ
245 1317 395 1394 πνεύματι
421 1316 538 1397 θερμοῦ
572 1338 641 1376 τινα
675 1314 786 1394 κρᾶσιν
820 1311 928 1398 ἐ’χοντι
959 1316 1007 1376 καὶ
1043 1310 1136 1395 ἀέρος
1160 1320 1202 1385 πῆ
1230 1315 1287 1390 μὲν
1309 1313 1412 1396 τούτῳ

185 1435 423 1514 προςεμφεροῦς
450 1438 492 1503 πῆ
516 1424 542 1492 δ’
559 1429 673 1513 ἐκείνῳ.
692 1426 755 1491 ἐ’στι
779 1423 812 1492 δέ
833 1454 862 1491 τι
882 1428 977 1511 μέρος
1000 1455 1027 1491 κ.
1042 1455 1069 1490 τ.
1086 1423 1118 1489 λ.

226 1545 303 1609 Noli
328 1550 442 1632 ‚tamen
473 1549 586 1628 putare
620 1542 678 1606 has
712 1548 862 1628 quattuor
891 1549 999 1628 partes
1032 1541 1204 1628 separatim
1234 1541 1350 1606 adesse
1378 1543 1412 1606 in

183 1682 335 1746 corpore:
370 1681 388 1725 e
422 1661 602 1742 contrario,
637 1660 758 1724 mixtae
794 1666 903 1723 creant
930 1681 1027 1723 unam
1049 1665 1218 1742 naturam,
1253 1665 1358 1746 κρᾶμα
1382 1663 1413 1727 ἐκ

182 1782 345 1866 τεσσάρων
373 1779 449 1843 dicit
481 1778 649 1864 Epicurus
695 1783 813 1851 Quarta
834 1778 890 1841 illa
912 1778 979 1860 vis,
1003 1799 1084 1864 quae
1107 1801 1127 1843 a
1149 1800 1183 1842 se
1206 1778 1323 1842 ceteris
1348 1777 1412 1842 dis-

184 1895 297 1960 tribuit
323 1896 456 1977 ,initum
478 1895 619 1978 motus'’,
646 1896 792 1981 ,penitus
813 1916 959 1981 prorsum
980 1895 1080 1960 latet'’
1103 1896 1304 1982 incorpore,
1331 1917 1413 1978 „nec

185 2015 287 2098 magis
308 2013 369 2078 hoc
392 2014 476 2078 intra
498 2014 668 2099 quicquam
691 2012 795 2076 estin
818 2033 949 2099 corpore
972 2012 1108 2077 nostr0'’
1134 2015 1235 2096 (274);
1267 2018 1317 2078 est
1341 2014 1417 2101 ipsa

181 2131 272 2218 quasi
306 2130 413 2194 anima
448 2129 546 2194 totius
580 2131 705 2194 animae
728 2135 762 2193 et
785 2129 966 2193 dominatur
988 2151 1119 2216 corpore
1142 2136 1219 2195 toto.
1266 2129 1415 2196 Graecus

181 2269 253 2313 eam
284 2246 448 2333 appellat:
481 2248 517 2313 τὸ
555 2248 754 2332 ἡγεμονικόν.
799 2247 934 2311 Dolores
964 2253 997 2311 et
1025 2248 1112 2313 mala
1133 2247 1196 2312 huc
1218 2249 1317 2333 vulgo
1347 2270 1412 2313 non

180 2370 365 2451 penetrant,
392 2363 467 2445 ,sed
489 2363 679 2449 plerumque
701 2363 738 2426 fit
760 2363 794 2428 in
817 2384 940 2427 summo
963 2365 1053 2450 quasi
1077 2386 1208 2451 corpore
1230 2365 1303 2429 finis
1315 2366 1408 2430 moti·

180 2483 270 2547 bus''
295 2482 395 2565 (254),
420 2481 477 2546 sed
506 2481 533 2546 si
555 2480 618 2545 huc
641 2487 826 2567 penetrant,
849 2502 934 2545 mors
958 2482 1067 2546 statim
1090 2483 1242 2569 sequitur.
1288 2483 1409 2548 Anima

181 2598 291 2683 igitur,
315 2617 397 2685 quae
419 2618 477 2683 per
500 2603 603 2661 totum
629 2603 678 2660 est
701 2596 811 2661 dissita
834 2618 957 2684 corpus,
974 2598 1135 2663 doloribus
1151 2598 1287 2662 afficitur
1302 2620 1408 2686 neque

183 2717 307 2781 animus
331 2716 398 2780 sive
421 2736 535 2797 mens,
574 2714 658 2801 quod
691 2714 884 2779 Plutarchus
907 2736 1032 2802 quoque
1054 2716 1172 2780 refert:
1217 2716 1410 2803 Ἐπίκουρος

183 2838 232 2898 καὶ
265 2835 303 2898 τὰ
334 2836 421 2909 πάθη
445 2841 494 2899 καὶ
518 2833 576 2906 τὰς
604 2835 766 2912 αἰσθήσεις
788 2834 821 2898 ἓν
842 2842 911 2910 τοῖς
934 2836 1111 2899 πεπονθόσι
1134 2835 1265 2913 τόποις·
1283 2836 1320 2898 τὸ
1345 2836 1409 2921 γὰρ

183 2950 372 3036 ἡγεμονικὸν
405 2950 527 3024 ἀπαθές
542 2949 572 3031 ¹).
617 2948 717 3012 Hisce
740 2954 847 3013 autem
869 2950 975 3014 verbis
998 2950 1178 3036 exprimere
1201 2951 1293 3014 nobis
1319 2951 1410 3015 vide·

184 3073 254 3149 tur,
279 3087 341 3130 non
364 3066 491 3130 omnino
514 3065 656 3130 animum
678 3066 766 3131 nullo
787 3067 922 3132 vulnere
945 3067 1028 3132 affici
1049 3089 1164 3154 posse,
1192 3068 1249 3132 sed
1270 3068 1328 3132 illa
1350 3070 1410 3134 mi·

185 3207 263 3250 nora
284 3190 321 3248 ut
336 3185 382 3248 ita
397 3183 500 3248 dicam
522 3185 654 3249 vulnera
669 3190 702 3249 et
718 3184 859 3268 dolores,
874 3207 955 3273 quae
971 3207 1066 3272 saepe
1083 3187 1239 3271 patimur,
1262 3186 1410 3252 animum

184 3302 333 3366 intimum
366 3322 430 3365 non
464 3300 612 3384 laedere,
649 3301 705 3366 sed
738 3323 777 3366 ea
811 3323 942 3388 corpore
977 3308 1102 3368 tantum
1125 3309 1158 3366 et
1180 3303 1286 3368 anima
1308 3303 1344 3366 in
1368 3323 1410 3368 eo

185 3420 347 3506 dispersa,
371 3419 503 3482 sentiri:
527 3419 674 3505 quodque
695 3420 812 3484 vulnus
834 3421 940 3484 animo
962 3421 1024 3506 ipsi
1046 3421 1114 3485 sive
1136 3421 1237 3484 menti
1260 3420 1410 3506 illatum,

183 3537 292 3602 statim
314 3542 450 3601 mortem
473 3535 569 3600 efficit
584 3539 618 3614 2).
643 3574 684 3583 -
708 3538 807 3601 Porro
831 3558 873 3601 ex
894 3536 983 3602 hisce
1005 3538 1103 3602 animi
1119 3538 1286 3603 elementis
1303 3540 1411 3625 expli·

183 3660 296 3720 eantur
319 3654 444 3719 diversa
458 3652 623 3718 hominum
646 3660 678 3719 et
700 3655 886 3721 animalium
908 3656 1030 3721 indoles
1049 3664 1083 3721 et
1096 3679 1210 3740 mores,
1227 3678 1309 3744 quae
1326 3664 1411 3723 tem·

183 3776 370 3859 peramenta
390 3791 562 3853 vocamus,
585 3792 666 3857 quae
689 3792 765 3856 ergo
789 3773 895 3837 omnia
916 3773 950 3837 in
973 3795 1098 3861 quoque
1120 3773 1248 3838 homine
1272 3773 1410 3860 adsunt,

183 3889 240 3954 sed
262 3889 350 3954 aliud
371 3909 448 3974 prae
470 3889 534 3954 alio
556 3889 823 3974 praeponderans.
868 3890 963 3956 Calor
986 3913 1082 3957 causa
1104 3898 1154 3956 est
1176 3892 1242 3957 irae
1266 3895 1299 3955 ct
1315 3891 1410 3958 ardo-

185 4073 384 4083 μ*-

217 4151 237 4215 ι)
271 4149 339 4201 Plac.
356 4149 418 4214 phil.
436 4149 490 4211 IV,
508 4152 547 4200 23.

216 4245 235 4304 2)
269 4244 308 4295 ef.
326 4261 351 4294 v.
369 4247 416 4294 252
433 4260 501 4309 seqq.
534 4243 643 4295 Uberius
659 4245 748 4297 dehoc
763 4227 819 4295 loco
835 4245 888 4310 agit
903 4251 976 4310 poeta
991 4264 1028 4297 vs.
1049 4249 1184 4317 3597417.
1218 4247 1345 4299 Assentiri
1355 4265 1408 4300 non

182 4357 283 4406 possum
300 4339 353 4390 viro
370 4339 511 4391 doctissimo
527 4340 691 4401 Reisackero,
709 4357 764 4391 oum
781 4341 842 4392 haec
858 4342 934 4392 verba
950 4344 1016 4406 apud
1032 4343 1194 4393 Plutarchum
1214 4359 1289 4394 sensu
1299 4344 1404 4406 morali,

183 4441 214 4486 ut
228 4435 265 4486 ita
281 4433 377 4496 dicam,
394 4433 461 4484 dicta
477 4451 529 4485 esse
545 4433 642 4499 opinari
658 4434 779 4485 videatur.
816 4436 888 4500 (Vide
904 4437 975 4500 Epic.
989 4439 1019 4488 de
1035 4437 1109 4488 anim.
1127 4442 1178 4488 nat.
1195 4439 1271 4488 doctr.
1284 4437 1312 4488 in
1322 4455 1403 4504 progr.

182 4545 268 4597 gymm
293 4528 378 4580 Goion.
406 4544 462 4593 pag.
487 4529 537 4595 23.)
572 4529 636 4580 eum
659 4530 707 4580 hac
731 4529 847 4595 opinione
863 4548 920 4582 oum
936 4531 986 4582 alia
1001 4537 1056 4583 tum
1073 4532 1161 4596 capitis
1177 4531 1322 4598 inscriptio:
1346 4536 1404 4601 περὶ

184 4629 276 4678 παθῶν
293 4625 499 4689 separaremini
518 4623 538 4673 α’
554 4627 677 4691 συναλγεῖ
695 4626 778 4691 τούτῳ
795 4625 811 4685 ἡ
828 4625 901 4692 ψυχή
918 4633 1049 4692 pugnant,
1066 4627 1170 4678 sirecte
1186 4627 1266 4680 video.
