3196 5160
769 339 830 402 120

180 537 274 607 modo
297 542 421 606 caelum
444 546 589 605 versatur
623 546 719 627 atque
753 540 859 604 fluviis
894 545 926 603 et
956 540 1062 604 ventis
1093 561 1188 625 saepe
1211 545 1297 604 rotas
1323 538 1410 602 volvi

180 659 335 724 videmus.
381 660 419 722 In
442 658 590 743 Epicuri,
615 679 695 745 quae
719 663 859 721 aetatem
882 658 1046 740 tulerunt,
1069 658 1257 742 fragmentis
1281 657 1319 720 de
1336 677 1411 720 aere

181 777 262 842 caeli
284 776 374 862 polos
396 783 562 861 premente
586 775 667 838 nihil
691 796 767 839 sane
790 775 949 859 legimuS,
973 781 1115 838 attamen
1139 797 1211 839 cum
1235 773 1320 859 apud
1336 794 1411 837 eum

180 914 236 958 aer
270 893 382 956 eodem
416 893 567 976 fungatur
601 892 642 955 ad
675 898 793 955 terram
824 892 1042 957 sustinendam
1078 893 1201 974 officio,
1236 898 1272 956 ut
1302 893 1412 955 statim

181 1009 386 1091 ostendetur,
422 1009 533 1094 procul
568 1008 664 1072 dubio
699 1009 869 1072 Lucretius
895 1009 975 1074 haec
1003 1010 1124 1074 elibro
1148 1008 1316 1073 undecimo
1341 1013 1412 1094 περὶ

182 1133 320 1216 φύσεως,
344 1128 399 1191 ubi
423 1127 461 1191 de
484 1128 571 1191 hisce
586 1127 682 1192 rebus
697 1129 853 1211 agebatur
870 1126 904 1211 ¹),
927 1128 1043 1193 hausit.
1079 1129 1183 1192 Rotae
1199 1129 1254 1190 illa
1269 1127 1413 1210 imagine

180 1247 244 1310 iam
267 1244 508 1309 Anaximander
532 1267 608 1308 usus
631 1250 694 1328 est,
719 1250 800 1309 teste
825 1245 1023 1329 Stobaeo,·²),
1047 1246 1146 1309 solem
1170 1245 1277 1308 dicens
1300 1250 1415 1331 τροχῷ

180 1363 407 1448 παραπλήσιον
439 1384 518 1427 esse.
554 1400 594 1408 -
631 1362 664 1427 si
698 1368 806 1426 autem
841 1363 965 1426 caelum
996 1363 1148 1448 quiescit,
1188 1368 1414 1444 „tamencum

181 1478 287 1544 lucida
321 1479 412 1562 signa
445 1480 630 1560 ferantur'’,
665 1479 718 1543 hic
750 1485 855 1542 motus
878 1500 987 1542 marsus
1009 1479 1106 1542 variis
1129 1477 1230 1542 modis
1255 1478 1416 1563 explicari

181 1601 307 1682 potest:
332 1595 399 1658 sive
422 1616 494 1658 cum
517 1595 758 1659 Anaximandro
776 1593 798 1677 ³)
822 1600 972 1680 putemus
996 1594 1095 1658 solem
1118 1594 1270 1678 (exempli
1293 1595 1415 1678 gratia)

182 1733 251 1776 esse
274 1718 383 1799 τροχῷ
416 1712 662 1796 παραπλήσιον,
696 1712 813 1798 ἔχοντα
837 1712 949 1787 κοίλην
972 1716 1188 1798 περιφέρειαν,
1221 1713 1330 1794 πλήρη
1354 1741 1418 1777 πυ-

83 1846 85 1850 “
181 1831 264 1914 ρὸς,
302 1825 378 1894 κατα
412 1832 506 1912 μέρος
545 1831 754 1912 ἐκφαίνουσαν
785 1825 834 1893 διὰ
867 1831 997 1909 στομίου
1031 1831 1068 1892 τὸ
1105 1833 1186 1912 πῖιρ,
1221 1829 1326 1912 ὥσπερ
1362 1825 1416 1893 διὰ

182 1954 387 2030 πρηστῆρος,
411 1965 473 2029 quo
498 1949 627 2007 auctore
651 1964 726 2027 ergo
751 1949 836 2007 astra
858 1943 1143 2026 circumferuntur,
1172 1944 1275 2028 „quod
1296 1944 1418 2007 inclusi

182 2061 286 2146 rapidi
315 2066 389 2124 sunt
412 2060 552 2124 aetheris
575 2066 702 2144 aestus,
739 2067 993 2146 quaerentesque
1016 2062 1101 2124 viam
1125 2061 1418 2125 circumversantur

182 2184 214 2242 et
247 2177 338 2261 ignes
372 2177 490 2262 passim
522 2198 580 2262 per
614 2178 693 2241 caeli
730 2179 862 2241 volvunt
893 2179 1073 2242 summania
1102 2178 1243 2263 templa*
1257 2175 1290 2260 4).
1337 2180 1416 2263 lpse

125 2283 130 2296 ⁴
182 2294 341 2381 Epicurus
364 2295 535 2358 coniecisse
558 2295 686 2359 videtur
709 2302 865 2360 astrorum
887 2302 992 2360 motus
1016 2297 1112 2360 etiam
1136 2297 1204 2360 fiori
1220 2317 1313 2381 posse
1330 2297 1417 2361 aeris

184 2412 383 2475 extrinsecus
417 2412 505 2477 illato
539 2414 643 2497 pulsu.
689 2414 728 2477 In
763 2435 831 2498 cap.
867 2413 925 2478 lV.
961 2414 1032 2478 libr.
1066 2415 1083 2476 l
1113 2414 1194 2499 plac.
1226 2413 1415 2497 Plutarchi,

183 2529 268 2616 quod
302 2551 398 2614 supra
432 2530 628 2594 ostendimus
659 2530 760 2594 videri
794 2532 893 2616 ipsius
929 2530 1063 2617 Epicuri
1094 2532 1275 2616 opinionem
1305 2533 1415 2616 expri-

181 2667 291 2729 mere,
325 2647 479 2731 legimus:
515 2649 551 2712 τὸ
587 2646 618 2713 di
653 2647 781 2724 πλῆθος
815 2654 879 2714 τῶν
910 2650 1177 2732 ἀναθυμιωμένων
1201 2648 1331 2725 ἐ’πληττε
1355 2652 1415 2714 τὸν

183 2765 278 2848 ἀέρα,
312 2770 360 2830 καὶ
395 2771 511 2830 τοῦτον
546 2763 714 2851 ἐξέθλιβε,
749 2770 1025 2848 πνευματούμενος
1061 2765 1092 2832 δὲ
1128 2768 1222 2842 οὗτος
1257 2766 1332 2833 κατὰ
1354 2771 1416 2844 τὴν

183 2885 326 2959 κίνησιν,
361 2887 409 2947 καὶ
444 2880 756 2967 συμπεριλαμβάνων
789 2881 827 2948 td
850 2883 967 2968 ἄστρα,
1007 2894 1194 2969 συμπεριῆγε
1217 2891 1332 2949 roura:
1365 2891 1416 2948 est

181 2996 242 3062 hoo
265 2999 388 3081 solum,
412 2998 495 3085 quod
519 2999 663 3063 invenire
687 3000 869 3084 potuimus,
892 3001 1047 3085 placitum
1065 2997 1243 3086 congruens
1259 3023 1332 3065 cum
1347 3003 1416 3066 Lu·

183 3116 274 3180 cretii
306 3117 413 3180 verbis
446 3138 493 3180 vs.
527 3119 611 3181 522:
650 3117 735 3199 „sive
767 3117 894 3181 aliunde
917 3119 1029 3182 fluens
1043 3118 1189 3183 alicunde
1213 3112 1444 3184 extrinsecus

183 3252 238 3297 aer
260 3239 366 3296 versat
389 3253 487 3316 agens
509 3233 632 3316 ignes’'.
672 3233 862 3297 Tenendum
885 3241 992 3298 autem
1016 3241 1065 3298 est
1087 3235 1169 3298 hanc
1192 3235 1324 3320 Epicuri
1348 3238 1418 3321 opi·

182 3349 312 3413 nionem
333 3350 434 3414 nihilo
458 3351 529 3436 plus
553 3372 621 3414 esse
645 3373 740 3437 quam
757 3353 995 3435 coniecturam,
1020 3374 1082 3439 qua
1099 3353 1238 3437 explicet
1255 3354 1416 3439 quomodo

181 3473 287 3531 motus
320 3468 375 3531 ille
410 3468 479 3532 fieri
506 3470 619 3552 possit.
667 3469 748 3533 Oum
771 3470 894 3554 reliqua
917 3469 1080 3552 doctrina,
1115 3476 1233 3533 terram
1256 3491 1329 3534 aere
1355 3472 1416 3535 oir-

182 3586 364 3650 cumdatam
398 3607 466 3649 esse
502 3592 534 3650 et
563 3587 730 3670 sustineri,
766 3587 820 3672 qui
843 3607 898 3650 aer
921 3609 993 3650 curn
1020 3587 1181 3673 „partibus
1205 3588 1299 3651 aeriis
1320 3610 1416 3652 mun·

182 3702 234 3767 di”
260 3706 353 3787 (538,
389 3706 442 3781 53)
468 3703 656 3786 cohaereat,
690 3704 813 3788 optime
837 3704 995 3768 convenit.
1041 3703 1261 3767 Anaximenes
1292 3705 1416 3789 primus

183 3822 338 3885 eiusmodi
375 3823 622 3908 explicationem
659 3822 829 3907 protulisse
858 3822 1017 3885 videtur:
1055 3820 1260 3903 Ἀναξιμένης
1299 3825 1415 3907 (putat)

182 3941 244 4005 ὑπὸ
277 3943 519 4021 πεπυκνωμένου
543 3942 647 4022 ’ἀέρος
682 3945 729 4005 καὶ
769 3942 939 4006 ἀντιτύπου
977 3937 1164 4014 ἐξωθεῖσθαι
1198 3939 1235 4004 τὰ
1259 3940 1359 4025 ἄστρα
1377 3943 1414 4025 ⁵).

182 4056 331 4143 Denique
354 4057 539 4120 Heraclitus
562 4056 665 4120 refelli
688 4079 753 4120 non
776 4063 882 4142 potest
906 4077 1039 4120 censens
1065 4057 1218 4121 caelestes
1234 4057 1305 4121 illos
1319 4058 1415 4142 ignes

185 4221 379 4233 *ξι-

215 4303 235 4366 1)
272 4302 309 4352 cf.
329 4302 360 4351 D.
379 4302 408 4350 L.
426 4301 459 4350 X.
478 4303 507 4351 91
526 4305 552 4351 et
568 4300 623 4352 Vol.
641 4301 718 4351 Herc.
737 4301 774 4351 ΙΙ.

215 4395 236 4459 ²)
269 4395 323 4445 Ecl.
341 4395 364 4443 Ι.
381 4411 437 4458 pag.
455 4398 511 4444 510.

215 4490 235 4553 3)
271 4490 339 4540 Stob.
356 4489 392 4538 1.l.
427 4490 493 4539 Plut.
513 4489 960 4553 11,20p1ac.:idemdsluna25.
996 4490 1087 4539 Euseb.
1105 4506 1188 4554 praep.
1206 4507 1244 4540 ev.
1263 4491 1294 4553 Ι,
1313 4495 1334 4541 8.

215 4587 235 4649 ⁴)
270 4585 312 4635 Va.
331 4588 378 4635 519
396 4601 463 4651 seqq.
481 4588 614 4636 summania
631 4592 716 4637 contra
732 4585 834 4636 Lachm.
852 4561 962 4636 defendit
979 4586 1109 4636 Munrous.

216 4683 236 4748 ⁵)
272 4681 339 4732 Plut.
357 4681 420 4749 plac.
440 4682 486 4733 II:
507 4685 544 4732 23.
