3196 5160
732 297 771 359 13

140 503 264 561 eertum
286 497 416 560 modum
438 497 534 561 rebus
557 498 765 562 constitutum
790 520 881 582 esse,
905 520 1000 585 quem
1024 499 1203 584 transgredi
1218 521 1282 563 non
1297 522 1368 585 pos·

140 614 205 677 sint
220 619 240 696 Ι1
255 664 262 697 ,
287 653 327 660 —
351 620 458 678 nostro
475 636 620 701 quaeque
636 615 744 679 labore
759 616 860 679 multo
877 616 1010 680 meliora
1025 617 1094 679 fieri
1109 637 1202 702 posse
1214 616 1239 700 ²)
1254 666 1261 699 ,
1286 638 1368 703 quae

141 732 247 796 omnia
270 732 383 796 docent
405 754 495 796 suam
511 754 638 796 causam
656 732 774 796 habere
791 754 1009 818 quaecumque
1024 733 1119 816 fiant,
1142 735 1207 797 iam
1223 740 1366 798 constare

139 849 288 932 videtur,
312 850 393 913 nihil
416 871 434 914 1
451 850 551 914 nihilo
569 851 638 914 fieri
653 872 755 935 posse.
779 851 957 943 illustravit
972 851 1071 934 igitur
1086 852 1194 914 multis
1211 853 1368 937 exemplis

139 975 236 1053 poeta
258 967 380 1050 thesin,
405 990 500 1053 quam
523 968 681 1053 Epicurus
705 969 831 1053 posuit,
856 989 960 1055 neque
985 975 1093 1032 tamen
1109 969 1258 1054 probavit
1274 991 1367 1033 suum

139 1086 341 1170 principium.
372 1086 403 1149 N
405 1108 456 1149 am
480 1107 552 1148 oum
575 1085 717 1170 probarit
741 1085 863 1168 omnia,
888 1107 970 1171 quae
985 1087 1080 1169 fiant,
1105 1109 1232 1152 causam
1248 1086 1367 1152 habere

138 1203 226 1267 unde
262 1205 357 1286 fiant,
388 1225 490 1291 neque
526 1211 647 1268 temere
681 1205 767 1286 fieri,
799 1226 863 1267 non
886 1205 1004 1269 refellit
1028 1226 1102 1287 eos,
1138 1207 1192 1291 qui
1216 1206 1367 1270 divinitus

138 1342 192 1384 res
214 1321 283 1384 fieri
306 1321 499 1404 credebaut,
523 1323 543 1384 i.
574 1343 601 1385 e.
626 1323 680 1408 qui
703 1343 810 1384 rerum
834 1322 918 1384 ortui
942 1321 993 1384 dei
1017 1323 1216 1386 voluntatem
1239 1345 1366 1387 causam

139 1438 284 1501 tribuunt
308 1445 340 1501 11
362 1437 444 1501 hanc
468 1438 508 1501 ob
531 1460 599 1501 rem
616 1459 742 1502 0111111
759 1438 974 1502 temeritatem
991 1460 1163 1525 casumque
1180 1439 1366 1502 excludunt.

139 1555 260 1638 Stoici,
283 1556 435 1619 adv-orsus
460 1578 537 1642 quos
560 1557 730 1620 Lucretius
756 1556 808 1619 hic
838 1555 971 1620 fortasse
988 1578 1130 1641 pugnam
1152 1556 1245 1639 facit,
1272 1557 1367 1621 deum

138 1674 344 1759 appellabant
370 1676 599 1760 „apovonrorbv
623 1677 742 1756 κόσμου
758 1703 790 1738 τε
807 1679 854 1739 καὶ
870 1679 934 1740 τῶν
951 1678 983 1739 ἐν
999 1677 1116 1760 κόσμῳ.
1131 1721 1138 1736 .
1154 1723 1160 1736 .
1175 1673 1368 1760 δημιουργὸν

138 1797 205 1856 τῶν
229 1792 316 1857 ὅλων
339 1797 387 1857 καὶ
412 1794 515 1874 ὥσπερ
539 1796 652 1877 πατέρα
676 1794 893 1857 πάντων....
919 1789 947 1856 dt
970 1792 1008 1856 ὃν
1032 1793 1069 1855 τὰ
1097 1794 1231 1858 πάντα.”
1258 1793 1366 1876 (Diog.

139 1909 179 1972 L.
203 1909 286 1991 VII,
314 1911 399 1992 141).
445 1910 507 1984 Qui
541 1910 587 1972 ita
621 1908 762 1973 sentiunt
798 1929 873 1972 sane
907 1915 1023 1993 poetae
1044 1909 1237 1973 ¹concedunt
1261 1911 1367 1974 omnia

140 2046 159 2088 e
183 2026 302 2089 semine
326 2025 462 2113 quodam
485 2047 626 2089 crescere
651 2032 682 2088 et
705 2046 795 2089 suam
811 2023 937 2088 'habere
954 2046 1099 2108 causam;
1124 2026 1200 2110 quin
1217 2027 1278 2110 ipsi
1297 2029 1367 2092 καθ’

140 2146 323 2228 εἱμαρμένην
359 2142 391 2209 δέ
413 2159 488 2229 φασι
511 2147 548 2208 τὰ
572 2149 675 2209 πάντα
698 2148 866 2229 γίγνεσθαι
891 2143 945 2224 (ll.
973 2145 1066 2226 149),
1099 2164 1171 2206 cum
1195 2144 1366 2228 Epicurei,

139 2267 237 2346 poeta
259 2282 401 2346 quoque,
426 2262 551 2346 saepius
578 2261 724 2343 „foedera
739 2261 885 2325 naturai”
902 2268 1134 2346 perrumpant,
1158 2261 1214 2324 sed
1223 2263 1368 2344 ,ortonam

140 2399 268 2441 causam
295 2378 390 2442 huius
419 2379 531 2442 mundi
555 2379 697 2456 εὐταξίας
721 2385 836 2464 putant
859 2379 907 2441 illi
929 2379 1024 2442 deum
1048 2401 1127 2443 esse.
1174 2379 1236 2453 Qui
1260 2387 1368 2444 autem

138 2495 291 2559 adversus
321 2496 379 2560 hos
412 2497 538 2581 sapiens
579 2502 611 2559 et
643 2496 753 2559 doctus
786 2497 834 2559 vir
869 2496 951 2560 hanc
988 2496 1132 2571 εὐέαέίαν
1167 2497 1279 2560 afferre
1313 2518 1369 2582 po·

139 2617 220 2694 test,
252 2618 287 2675 ut
318 2613 431 2696 probet
465 2613 604 2694 ,nullam
633 2634 701 2676 rem
733 2633 750 2675 1
781 2613 846 2675 1110
878 2613 968 2696 gigni
1002 2613 1154 2677 divinitus
1177 2615 1367 2699 unquam”?

139 2729 241 2793 Porro
273 2729 535 2814 perspicuitatem
572 2729 856 2813 argumentationis
881 2730 1062 2793 obscuravit
1092 2731 1260 2794 Lucretius
1286 2731 1366 2795 haec

140 2846 204 2909 duo
228 2847 443 2911 confundens:
472 2848 579 2912 omnia
602 2869 682 2933 quae
706 2848 784 2911 fiant
807 2869 934 2911 causam
957 2847 1075 2911 habere
1100 2854 1132 2910 ct
1155 2849 1261 2912 omnia
1284 2870 1365 2935 quae

138 2965 219 3028 fiant
242 2986 283 3028 ex
306 2966 419 3029 atomis
446 2966 619 3029 exsistere:
643 2966 758 3029 atomis
780 2965 832 3028 hic
856 2965 936 3028 nihil
960 2972 1008 3029 111
1031 2967 1101 3029 1001.
1147 2967 1231 3030 Nam
1246 2968 1280 3029 in
1296 2967 1365 3030 fun-

139 3081 289 3146 damento
313 3084 411 3146 totius
436 3083 599 3147 doctrinae
622 3083 763 3146 nondum
786 3082 930 3146 adhiberi
950 3089 1055 3167 potest
1070 3083 1123 3165 id,
1148 3084 1238 3147 cuius
1251 3090 1366 3147 natura

138 3206 174 3264 et
197 3201 315 3264 veritas
345 3201 415 3285 ipsa
438 3201 567 3264 demum
592 3200 736 3264 doctrina
760 3200 1003 3263 demonstratur.
1050 3200 1114 3264 Sed
1138 3202 1234 3264 etiam
1257 3201 1283 3264 si
1306 3201 1365 3265 hoc

137 3318 255 3381 vitium
289 3319 408 3402 logices
442 3320 520 3382 artis
555 3319 585 3382 11
608 3319 774 3402 ignoscere
797 3318 965 3400 volumus,
990 3324 1097 3381 tamen
1119 3319 1262 3382 manebit
1284 3319 1366 3402 hoc,

137 3436 227 3522 quod
250 3436 345 3499 dicit:
370 3437 519 3500 materies
549 3443 596 3500 est
620 3443 766 3518 aeterna,
791 3458 865 3499 nam
889 3436 995 3498 omnia
1011 3442 1157 3499 coustant
1174 3458 1215 3499 ex
1231 3437 1365 3518 atomis,

138 3553 203 3616 etsi
225 3559 336 3638 postea
350 3574 458 3616 rursus
474 3553 736 3617 ratiocinabitur:
761 3553 859 3616 atomi
875 3558 949 3614 sunt
965 3552 1195 3635 immutabiles,
1212 3574 1285 3615 nam
1301 3574 1366 3616 ma·

137 3671 239 3734 teries
262 3678 310 3734 est
333 3677 471 3734 aeterna.
517 3670 584 3733 Aut
607 3669 659 3732 hic
684 3669 837 3732 debuerat
861 3669 1099 3752 demonstrare,
1123 3670 1291 3732 materiem
1315 3690 1367 3732 ae·

135 3795 265 3851 ternam
303 3810 372 3852 esse
406 3789 474 3852 sine
509 3795 687 3852 atomorum
721 3788 862 3869 auxilie,
902 3792 958 3851 aut
995 3795 1107 3871 postea
1141 3794 1263 3851 atomos
1297 3807 1366 3850 esse

136 3911 287 3970 aeternas
310 3907 429 3994 absque
452 3906 566 3990 prioris
588 3906 674 3969 illius
697 3904 875 3968 sententiae
899 3925 968 3989 ope.

184 4024 220 4088 Si
242 4032 349 4089 autem
371 4024 451 4088 nihil
475 4045 492 4088 e
515 4023 615 4089 nihilo
638 4024 674 4086 fit
697 4023 794 4087 etiam
816 4022 897 4085 nihil
924 4021 964 4085 ad
993 4021 1074 4084 nihil
1104 4021 1271 4106 redigitur.

275 4143 367 4225 „Huc
390 4142 513 4207 accedit
536 4143 584 4205 uti
607 4142 742 4228 quicque
766 4141 799 4203 in
822 4161 879 4202 sua
902 4160 1034 4223 corpora
1056 4159 1181 4202 rursum

272 4261 423 4325 dissoluat
446 4267 560 4324 natura
582 4280 686 4347 neque
709 4257 750 4322 ad
772 4258 872 4320 nilum
895 4257 1066 4319 interemat
1088 4277 1149 4318 res.

173 4538 192 4597 ι1
226 4537 374 4587 111-101.

171 4632 195 4699 ²)
229 4632 273 4683 Vs.
291 4636 378 4682 -ala
