3196 5160
749 281 808 343 167

163 482 339 568 „quaedam
373 490 518 570 oportere
553 504 705 570 quaerere
737 490 769 548 et
793 483 925 548 definire
951 483 990 547 de
1014 482 1093 565 diis,
1128 480 1285 568 quaedam
1307 501 1383 545 vero

160 620 219 663 nee
242 622 394 686 quaerere
417 623 476 666 neo
500 602 651 667 definire'’
670 604 701 685 ¹).
752 612 757 636 ¹

204 718 404 806 Quamquam
437 720 574 784 fatemur
603 721 636 783 in
665 720 797 806 Epicuri
831 719 973 783 dootrina
1008 717 1083 781 deos
1117 716 1244 780 omnino
1279 715 1383 779 omitti

161 834 328 920 debuisse,
363 844 470 902 tamen
504 838 675 901 Posidonio
709 838 814 902 Stoico
849 835 1022 899 eoneedere
1052 855 1117 897 uon
1148 852 1314 918 possumus
1337 831 1383 894 di-

160 955 245 1017 00011
260 952 300 1038 ²),
338 956 460 1037 ,nullos
494 976 563 1019 esso
599 956 674 1019 deos
705 955 844 1040 Epiouro
879 953 1002 1036 videri,
1037 971 1181 1039 quaeque
1208 951 1236 1013 is
1260 949 1299 1014 de
1322 949 1383 1013 diis

158 1072 389 1136 immortalibus
424 1073 561 1155 dixerit,
596 1073 735 1136 invidiae
771 1071 977 1136 detestandae
1000 1069 1103 1154 gratia
1126 1067 1382 1167 (111100011Ρο-

158 1189 273 1252 sidonii
295 1196 521 1273 argumentum
543 1191 633 1254 futile
657 1211 726 1254 esse
748 1190 841 1253 faeile
864 1191 891 1252 is
913 1188 1022 1270 videt,
1046 1188 1101 1273 qui
1123 1191 1251 1272 reputat
1266 1184 1383 1269 vulgus

158 1327 221 1370 non
256 1328 328 1371 eum
363 1309 464 1372 solum
487 1309 585 1375 ἄθεον
608 1310 814 1398 existimare,
849 1309 904 1395 qui
927 1307 1002 1371 deos
1026 1328 1116 1389 esse,
1150 1305 1382 1370 verumetiam

160 1424 214 1509 qui
238 1444 292 1488 eos
314 1426 394 1489 tales
409 1446 478 1489 esse
495 1432 528 1488 et
543 1448 581 1489 oo
596 1426 689 1490 modo
707 1426 874 1508 colendos,
898 1448 959 1512 quo
976 1415 1092 1510 uulgus
1108 1430 1254 1507 censeat,
1274 1429 1381 1508 neget.

158 1540 203 1604 At
227 1563 290 1605 non
312 1543 414 1605 solum
429 1543 595 1628 Epicurus
617 1567 636 1609 0
659 1544 718 1608 diis
741 1545 842 1608 multa
865 1544 1077 1626 abiudicavit,
1100 1563 1182 1629 quae
1204 1541 1321 1626 vulgus
1342 1541 1382 1604 iis

158 1658 337 1741 tribuebat,
360 1679 473 1722 verum
496 1661 592 1724 etiam
616 1661 708 1724 aliter
731 1660 805 1724 deos
829 1660 977 1725 eolendos
1001 1681 1070 1724 esse
1085 1660 1217 1742 statuit,
1240 1664 1382 1724 attamen

159 1795 191 1838 se
224 1796 301 1839 vera
331 1777 450 1861 pietate
478 1775 649 1840 adductum
673 1777 747 1840 deos
769 1777 858 1842 edire
881 1779 1025 1865 putabat.
1071 1775 1232 1864 Ἀσεβής,
1256 1775 1380 1862 inquit,

158 1893 221 1979 οὐχ
246 1897 263 1956 ὁ
286 1897 362 1969 τοὺς
385 1898 449 1958 τῶν
472 1892 608 1958 πολλῶν
631 1897 725 1972 θεοὺς
749 1897 908 1981 ἀναιρῶν,
938 1894 1013 1962 ἀλλ’
1037 1900 1054 1960 ὁ
1078 1895 1135 1969 τὰς
1158 1899 1222 1958 τῶν
1244 1891 1382 1958 πολλῶν

158 2006 255 2085 δόξας
279 2015 366 2087 θεοῖς
388 2013 607 2096 προσάπτων·
632 2013 669 2076 οὐ
693 2013 755 2098 γὰρ
779 2016 957 2099 προλήψεις
981 2016 1081 2088 εἰσίν,
1108 2010 1182 2078 ἀλλ’
1206 2010 1382 2095 ὑπολήψεις

156 2124 281 2209 ψευδεῖς
315 2131 346 2192 αἱ
375 2133 439 2192 τῶν
466 2127 602 2194 πολλῶν
626 2131 702 2212 ὑπὲρ
726 2133 809 2193 θεῶν
833 2131 1009 2214 ἀποφάσεις
1024 2131 1057 2210 ³).
1103 2128 1166 2202 Qui
1189 2132 1296 2191 aulem
1319 2125 1380 2190 hoc

157 2243 283 2330 seripsit
317 2265 393 2308 sane
427 2244 517 2329 vulgi
551 2245 705 2310 iudicium
739 2267 802 2310 non
835 2247 960 2310 metuit.
996 2284 1036 2292 —
1068 2246 1191 2310 Eodem
1224 2245 1380 2332 principio

157 2359 270 2424 duetus
304 2361 473 2425 Lueretius
503 2383 615 2426 verum
650 2363 772 2426 oultum
807 2363 938 2427 deorum
971 2363 1061 2448 vulgi
1095 2363 1192 2427 saeris
1226 2363 1378 2449 opponit:

160 2479 280 2565 ,pietas
311 2480 451 2564 (n)ullast
484 2481 626 2545 velatum
657 2482 752 2568 saepe
786 2481 888 2546 videri
918 2482 1037 2545 vertier
1059 2481 1099 2546 ad
1121 2480 1261 2566 lapidem
1284 2487 1380 2567 atque

156 2597 257 2660 omnis
281 2596 432 2660 accedere
456 2597 496 2661 ad
519 2620 589 2661 aras
611 2619 670 2662 nee
693 2599 902 2685 procumbere
925 2597 1016 2662 humi
1038 2605 1232 2684 prostratum
1255 2604 1287 2662 et
1302 2620 1379 2685 pan-

156 2713 230 2777 dere
265 2714 386 2799 palmas
409 2721 484 2779 ante
509 2715 603 2779 deum
627 2715 781 2798 delubra,
814 2737 967 2780 necares
991 2717 1146 2800 sanguine
1168 2717 1269 2780 multo
1293 2738 1378 2803 spar-

154 2851 229 2914 gere
263 2831 522 2919 quadrupedum,
557 2853 616 2896 nee
650 2833 733 2896 votis
766 2839 895 2896 neotere
925 2839 1022 2915 vota,
1051 2833 1107 2897 ’0001
1140 2854 1230 2919 01000
1256 2840 1379 2917 000010

151 2970 242 3033 posse
272 2951 377 3013 omnio
399 2957 498 3014 010010
522 2952 622 3014 10011
640 2950 675 3028 4).
721 2951 865 3015 Delubra
888 2950 983 3015 deum
1005 2950 1131 3037 plaoido
1155 2972 1227 3014 oum
1249 2956 1379 3037 pectore

153 3072 226 3129 sunt
260 3066 425 3150 adeunda,
463 3068 580 3149 ,animi
614 3068 784 3155 tranquilla
810 3072 910 3155 paee'’
936 3067 1067 3132 deorum
1091 3068 1260 3132 simulacra
1282 3069 1379 3132 susei-

152 3204 229 3269 pere
253 3184 404 3248 debemus
421 3185 456 3269 5).
502 3186 584 3250 Oum
606 3186 696 3270 vulgi
718 3186 831 3270 religio
855 3185 895 3250 ad
916 3186 1039 3270 flagitia
1062 3192 1094 3250 et
1115 3186 1255 3252 facinora
1277 3185 1379 3250 homi·

152 3321 209 3379 nes
233 3301 390 3388 propellat
406 3305 447 3385 ὓ),
481 3322 559 3365 vera
582 3302 714 3365 deorum
737 3303 877 3387 cognitio
900 3324 957 3367 nos
981 3293 1074 3367 doeet
1096 3306 1134 3370 τὰ
1158 3313 1298 3390 στοιχεῖα
1322 3311 1379 3369 τοῦ
1408 3335 1410 3337 ·

152 3417 257 3503 καλῶς
296 3418 354 3494 ζῆν
370 3418 407 3501 ²),
446 3440 518 3482 eum
555 3419 719 3505 tranquilli
757 3420 888 3484 deorum
922 3419 1139 3484 venerandam
1176 3421 1378 3485 maiestatem

151 3536 403 3620 contemplemur
427 3543 459 3600 et
482 3538 552 3622 ipsa
574 3545 689 3602 natura
713 3538 772 3601 diis
789 3559 905 3623 expers
922 3539 1028 3602 omnia
1047 3537 1246 3625 suppeditet,
1264 3539 1378 3624 quibus

151 3650 192 3713 ad
222 3651 338 3715 bonam
368 3652 467 3716 vitam
490 3654 581 3716 nobis
605 3676 684 3740 opus
707 3660 765 3718 est.
813 3652 977 3740 ,Apparet
1001 3654 1109 3718 divum
1131 3676 1250 3719 numen
1273 3655 1377 3720 sedes·

183 3959 201 4018 ι1
234 3958 371 4009 Philodem.
405 3959 444 4008 De
461 3960 562 4009 deorum
578 3959 680 4009 vivendi
696 3959 806 4021 ratione,
829 3975 873 4023 per
889 3959 1042 4010 oonieeturas
1057 3959 1224 4025 investigata,
1241 3961 1377 4012 seeundum

148 4052 254 4102 Zenonis
270 4053 369 4116 0100110.
403 4053 502 4104 Volum.
520 4053 655 4102 Hereulau.
674 4053 743 4104 Tem.
760 4053 815 4115 VI,
834 4053 887 4105 Col.
908 4059 944 4104 14.

182 4149 204 4213 ²)
239 4148 290 4199 010.
308 4149 338 4198 de
354 4153 406 4198 nat.
424 4150 489 4199 deor.
508 4149 539 4210 I,
558 4152 605 4209 44,
626 4129 695 4198 123(

181 4245 202 4306 ³)
236 4244 269 4294 D.
287 4243 374 4305 LX,
394 4246 455 4306 123,
475 4246 529 4294 124.

181 4336 211 4402 ⁴)'
235 4339 274 4400 V,
294 4341 356 4388 1198
373 4355 440 4404 seqq.

180 4433 202 4498 5)
234 4433 288 4496 VI,
307 4435 337 4487 75
354 4450 421 4500 seqq.

180 4529 200 4591 ⁶)
234 4529 263 4590 Ι,
282 4533 329 4590 82,
346 4529 407 4591 „illa
423 4529 510 4595 religio
526 4529 622 4594 peperit
638 4529 758 4580 scelerosa
772 4534 847 4596 atque
863 4529 940 4595 impia
956 4531 1048 4582 faota'’.

181 4624 202 4686 7)
237 4624 268 4672 1).
286 4624 448 4685 L.x‚12a
