3196 5160
756 281 818 344 188

180 482 286 547 Munr.
321 502 394 569 pag.
430 485 511 548 302:
549 483 638 567 „The
672 490 736 549 two
771 484 839 549 first
871 483 972 549 books
1009 504 1128 570 appear
1149 489 1181 547 to
1203 482 1245 548 be
1267 483 1403 549 finished
1510 578 1512 584 Ι

181 628 243 692 and
267 634 299 693 to
321 628 404 694 have
427 628 577 695 received
600 630 713 695 almost
736 629 791 695 the
814 631 875 696 last
898 629 1030 696 touches
1053 630 1088 695 of
1105 629 1161 694 the
1183 629 1300 695 author
1324 630 1403 695 with

181 775 237 840 the
260 777 430 864 exception
453 777 592 864 perhaps
614 777 650 843 of
667 776 791 843 certain
813 778 955 863 portione
978 777 1013 843 of
1030 778 1085 843 the
1109 778 1257 843 seoond.”

759 1031 823 1104 III.

224 1204 318 1270 Luor.
342 1205 377 1270 Π
399 1226 444 1270 νε.
469 1206 528 1271 601
555 1228 612 1293 pro
634 1205 758 1272 sedibus
781 1210 815 1272 ta
837 1229 936 1273 carra
957 1208 1030 1292 lege
1054 1209 1210 1272 sistentem
1232 1209 1267 1272 in
1283 1229 1404 1291 sarra,

181 1357 217 1416 ut
238 1373 284 1416 νε.
309 1353 369 1417 601
395 1352 581 1440 insequatur
604 1375 734 1419 versum
757 1356 829 1420 600.

760 1592 822 1665 IV.

225 1766 320 1832 Luor.
355 1768 390 1832 H
420 1788 466 1832 νε.
497 1770 655 1833 730-56.
701 1770 863 1835 Versuum
893 1770 978 1834 huno
1001 1769 1122 1834 oonioio
1145 1768 1289 1834 ordinem
1312 1790 1404 1834 esse:

183 1915 355 1998 730-38,
380 1916 544 1998 749-56,
569 1917 728 1981 739-47.
772 1915 895 1981 Versus
920 1917 981 1980 748
1005 1915 1159 1980 delendus
1182 1920 1239 1979 est.

770 2155 815 2226 V.

225 2282 320 2349 Luer.
344 2283 397 2349 ΠΙ
419 2305 465 2349 νε.
490 2286 661 2350 sto-23³

225 2432 304 2497 Post
336 2454 464 2498 versum
497 2436 558 2499 617
593 2454 704 2499 versus
726 2456 809 2499 unus
833 2434 970 2519 excidit,
993 2439 1062 2499 tum
1084 2434 1298 2521 sequebantur
1322 2435 1407 2516 620,

182 2583 242 2665 21,
266 2580 381 2646 deinde
405 2582 489 2665 618,
514 2582 576 2665 19,
600 2584 663 2665 22,
687 2584 738 2647 23.

761 2821 825 2893 VI.

226 2997 324 3063 Nulla
357 3003 406 3062 est
432 3017 528 3063 causa
549 3018 606 3062 our
627 2995 774 3061 Marthae
798 2996 839 3078 (le
861 2996 980 3061 Podme
1004 2996 1043 3060 de
1066 2993 1207 3061 Luereoe
1230 3014 1302 3081 pag.
1329 2997 1409 3079 208)

182 3145 394 3212 assentiamur
415 3145 569 3209 statuenti
593 3144 631 3208 de
655 3143 749 3209 Luer.
773 3144 843 3208 IV:
869 3146 949 3207 1141
975 3165 1082 3230 seqq.:
1109 3145 1191 3226 „Les
1213 3147 1294 3207 mots
1310 3163 1410 3227 grees

182 3293 237 3381 qui
260 3290 424 3358 dmaillent
446 3292 477 3355 le
501 3295 591 3355 texte
613 3290 694 3354 latin
717 3327 757 3336 —-
782 3328 822 3336 -
850 3297 992 3377 peuvent
1015 3290 1082 3356 etro
1104 3288 1254 3376 rogandes
1277 3311 1409 3356 comme

182 3439 237 3506 des
259 3439 399 3525 vestiges
422 3460 464 3503 ou
486 3437 542 3503 des
568 3436 673 3501 debris
696 3437 735 3501 de
758 3437 895 3524 quelque
917 3443 1030 3525 poema
1053 3439 1183 3525 attique.

742 3675 827 3748 VH.

225 3779 320 3843 Luor.
343 3777 394 3844 VI
415 3799 461 3842 νε.
486 3780 570 3862 697,
594 3778 656 3842 98:

657 3924 736 4007 „hae
758 3924 805 3988 ire
827 3923 1022 3988 fatendumst

290 4079 322 4139 et
344 4061 513 4161 penetrare
535 4074 616 4139 mari
637 4073 766 4160 penitus
788 4093 839 4136 res
862 4071 948 4156 eogit
970 4072 1102 4158 apert0’'

222 4221 349 4306 legatur
362 4243 370 4286 ε

659 4335 738 4419 „hae
760 4337 807 4401 ire
828 4334 1022 4401 fatendumst

290 4488 324 4548 et
344 4487 512 4570 penetrare
534 4482 615 4547 mari
636 4483 720 4548 oeatt
746 4484 810 4547 otm
832 4482 984 4547 eoaettem
1006 4486 1116 4570 aperto

289 4633 385 4717 atque
408 4628 514 4694 efflare
536 4627 641 4714 toras,
664 4633 739 4694 cett.
