3196 5160
791 276 831 336 73

198 473 354 560 Epicurus
387 478 470 541 inter
504 499 617 562 corpus
652 484 683 541 et
715 478 856 541 animum
887 496 955 539 esse
979 474 1137 558 decrevit,
1172 476 1305 561 quisque
1328 474 1422 538 facile

199 592 326 656 videbit.
373 594 480 657 Huius
513 594 632 657 vinculi
666 599 812 657 naturam
846 599 954 656 autem
977 592 1108 656 uberius
1130 590 1217 655 hisce
1241 590 1346 654 verbis
1370 589 1423 652 de·

200 711 322 796 scripsit
356 711 534 796 Epicurus:
571 711 705 792 (animus
739 718 833 774 extra
861 732 974 796 corpus
997 731 1107 774 sensus
1131 707 1350 790 nonhabet),
1385 708 1423 771 οὐ

200 829 258 914 γὰρ
294 829 365 894 οἷόν
395 857 425 894 τι
450 838 534 893 νοεῖν
558 831 656 905 αὐτὴν
687 832 920 910 αἰσθανομένην
943 831 984 909 μὴ
1008 831 1040 893 ἐν
1063 829 1164 912 τούτῳ
1187 832 1230 912 τῷ
1254 828 1425 906 συστήματι

200 954 264 1024 ταῖς
287 951 424 1020 κινήσεσι
447 949 572 1024 raritate
596 925 783 1031 χρωμήιην,
807 948 883 1009 ὅταν
906 946 943 1008 τὰ
960 943 1156 1029 στεγάζοντα
1172 947 1220 1007 καὶ
1239 943 1424 1027 περιέχοντα

199 1063 236 1141 μὴ
259 1063 375 1127 τοιαῦτ’
397 1062 416 1149 ᾗ
438 1066 470 1127 ἐν
494 1063 544 1136 οἷς
569 1068 627 1126 νῦν
651 1061 731 1126 οὖσα
756 1063 818 1147 ’ἔχει
841 1065 956 1136 ταύτας
979 1063 1036 1136 τὰς
1062 1065 1197 1136 κινήσεις
1215 1061 1257 1141 ¹),
1280 1056 1320 1120 ad
1343 1076 1425 1142 quae

199 1178 294 1243 rerba
317 1180 414 1243 etiam
436 1179 594 1243 referendi
617 1186 691 1242 sunt
713 1200 774 1242 vss.
797 1180 957 1241 613-32.
997 1176 1178 1241 Secundum
1193 1175 1369 1260 Epicurum
1393 1178 1426 1236 et

200 1295 387 1382 discipulum
420 1297 606 1360 Lucretium
641 1317 716 1381 ergo
750 1297 874 1360 animus
905 1315 1019 1358 revera
1049 1300 1097 1358 est
1121 1299 1223 1357 totum
1246 1291 1424 1379 quoddam,

199 1414 252 1477 sed
286 1419 406 1491 totum,
429 1413 513 1499 quod
536 1413 655 1478 factum
679 1419 726 1476 est
750 1434 792 1477 ex
814 1412 967 1476 materiae
990 1411 1104 1475 atomis
1128 1417 1160 1474 et
1183 1410 1265 1473 hanc
1289 1407 1328 1472 ob
1353 1430 1425 1473 cau-

197 1553 262 1595 sam
284 1532 396 1595 interit
418 1532 500 1594 siin
523 1539 629 1617 partes
651 1531 808 1616 frangitur
831 1538 863 1594 et
888 1530 1054 1613 dividitur3
1082 1550 1155 1593 cum
1178 1534 1285 1592 autem
1309 1527 1423 1591 radici-

197 1647 270 1729 bus,
305 1653 467 1734 tamquam
490 1647 583 1711 arbor
606 1647 639 1710 in
662 1653 767 1729 terra,
799 1668 872 1710 oum
894 1667 1025 1732 corpore
1050 1647 1090 1709 sit
1114 1653 1281 1709 concretus
1305 1650 1337 1708 et
1359 1665 1425 1707 una

198 1787 268 1829 cum
300 1787 429 1851 corpore
450 1772 606 1849 augeatur
629 1771 661 1828 et
684 1764 906 1847 deminuatur,
943 1771 1108 1850 rumpatur
1132 1770 1164 1827 et
1188 1763 1347 1827 dividatur
1370 1783 1424 1826 ne·

198 1904 284 1947 cesse
308 1889 375 1960 est,
400 1905 472 1948 cum
495 1905 512 1947 e
530 1904 659 1968 corpore
675 1884 743 1947 exit
759 1881 794 1966 2).
841 1883 922 1947 (lum
938 1889 1046 1946 autem
1062 1883 1107 1946 ita
1122 1887 1299 1964 censerent,
1318 1901 1422 1966 neque

198 1998 411 2084 Pythagoreis
443 2020 548 2084 neque
582 2000 727 2063 Platonis
762 1999 924 2084 discipulis
947 1999 1203 2063 assentiebantur
1226 2018 1330 2084 neque
1352 1996 1425 2060 reli-

198 2117 288 2201 quis,
312 2118 367 2203 qui
398 2117 544 2180 similiter
566 2117 709 2181 animum
732 2123 835 2180 totum
858 2116 1017 2203 quoddam
1040 2137 1108 2180 esse
1132 2114 1346 2197 affirmabant,
1370 2114 1426 2178 sed

199 2235 392 2298 amatoriae
422 2241 536 2298 natura
559 2256 687 2319 prorsus
710 2235 867 2317 alienum,
901 2235 947 2298 ita
969 2240 1006 2297 ut
1028 2255 1086 2319 per
1109 2255 1158 2316 se,
1194 2234 1261 2296 sine
1285 2232 1426 2318 corporis

198 2351 337 2433 auxilio,
373 2372 442 2415 esse
477 2359 509 2416 et
543 2372 638 2436 agere
673 2358 779 2437 posset
814 2358 846 2415 et
880 2371 993 2414 revera
1026 2357 1100 2414 ante
1127 2350 1290 2414 hominem
1313 2356 1425 2413 natum

198 2466 308 2532 fuisset
342 2475 374 2532 et
406 2475 477 2554 post
511 2476 671 2533 mortuum
707 2469 969 2554 persoluturus
993 2475 1097 2551 esset,
1133 2489 1204 2532 cum
1227 2467 1427 2532 nascentium

197 2585 322 2670 corpori
345 2585 485 2669 perfecto
508 2587 634 2670 integer
657 2587 871 2650 insinuaretur
895 2591 927 2648 ct
942 2592 1141 2649 mortuorum
1157 2605 1272 2669 corpus
1287 2584 1426 2651 intactus

194 2700 402 2786 relinqueret.
426 2701 552 2765 Horum
568 2707 757 2785 argumenta
774 2708 806 2765 et
819 2708 918 2766 totam
931 2701 1107 2765 doctrinam
1123 2723 1195 2764 cnm
1210 2700 1305 2763 nimis
1322 2705 1427 2763 essent

190 2818 344 2900 subtilia,
367 2819 478 2903 magni
495 2819 665 2883 aestimare
684 2820 739 2882 vix
754 2824 919 2904 poterant,
943 2839 1041 2904 quare
1055 2819 1089 2882 in
1104 2818 1295 2882 refutatione
1311 2838 1374 2879 non
1387 2814 1428 2879 ad

185 2933 326 3000 illorum
347 2935 509 3001 doctrinae
532 2937 689 3023 principia
703 2936 885 3021 redierunt,
911 2937 1001 3001 seda
1017 2936 1082 3000 suis
1098 2936 1263 3022 principiis
1278 2934 1427 3021 profecti,

185 3073 226 3118 se
255 3074 327 3117 eam
350 3054 443 3118 facile
466 3076 653 3140 oppugnare
676 3077 769 3142 posse
793 3057 974 3121 credebant.
1021 3056 1158 3120 Omnino
1183 3076 1255 3119 oum
1278 3054 1339 3119 arti
1363 3053 1428 3118 dia·

181 3169 330 3236 lecticae
366 3193 495 3257 operam
529 3173 650 3236 nullam
674 3173 786 3238 darent
809 3174 982 3259 Epicurei,
1016 3174 1050 3236 in
1073 3195 1136 3259 qua
1158 3179 1266 3238 tamen
1289 3178 1357 3236 arte
1380 3193 1429 3235 ar·

184 3294 353 3373 gumenta
383 3289 527 3352 Platonis
558 3290 689 3376 eiusque
713 3291 840 3354 scholae
863 3292 1004 3354 maxime
1027 3291 1230 3374 nitebantur,
1265 3309 1429 3374 nunquam

181 3404 466 3469 Academicorum
500 3413 689 3490 argumenta
722 3414 796 3493 apte
819 3408 1014 3472 refellerunt.
1062 3408 1110 3472 Eo
1132 3408 1235 3492 magis
1257 3414 1365 3472 tamen
1389 3405 1429 3469 ad

180 3522 290 3606 vulgi
313 3523 478 3606 opiniones
502 3529 535 3587 et
558 3545 681 3589 errores
705 3525 921 3590 confirmanda
943 3532 998 3590 aut
1023 3525 1240 3611 oppugnanda
1263 3545 1296 3588 se
1320 3530 1429 3588 contu·

183 3636 330 3720 lerunt,
362 3661 425 3725 qua
448 3641 538 3705 inre
562 3642 731 3706 Lueretius
754 3665 880 3729 quoque
904 3643 1038 3707 docilem
1063 3665 1097 3707 se
1120 3642 1267 3728 praebuit
1285 3641 1429 3726 magistri

185 3756 402 3840 discipulum.

242 3873 364 3937 Anima
387 3880 419 3937 et
443 3876 567 3938 animus
591 3878 687 3940 etiam
710 3878 736 3940 si
759 3878 879 3941 intacta
902 3900 1015 3964 corpus
1037 3879 1158 3942 intrant
1179 3884 1288 3942 tamen
1309 3877 1343 3939 in
1357 3896 1428 3961 per-

184 3991 358 4055 manando
383 4014 441 4077 per
463 3995 607 4059 membra
630 3995 866 4079 dissolvuntur,
893 3997 988 4078 ,dum
1011 3997 1101 4082 quasi
1124 4017 1181 4081 per
1196 3997 1303 4059 caulas
1318 4015 1429 4060 omnes

188 4107 353 4171 diduntur
386 4110 419 4172 in
442 4118 529 4175 artus
552 4113 748 4196 particulae,
782 4114 898 4199 quibus
921 4112 1001 4177 haec
1025 4113 1123 4177 animi
1146 4119 1260 4177 natura
1284 4119 1428 4197 creatur,

235 4324 251 4386 ¹)
286 4326 319 4376 D.
337 4328 366 4377 L.
385 4329 416 4377 X.
435 4331 473 4377 66.
492 4328 551 4379 cod.
569 4329 655 4379 Leia:
683 4331 749 4382 αὐτὸ
767 4329 957 4393 αἰσθανόμενον
974 4333 1008 4393 μὴ
1026 4331 1053 4379 ἐν
1070 4330 1153 4395 τούτῳ
1165 4333 1201 4395 τῷ
1218 4329 1360 4396 συστήματι
1372 4333 1429 4388 ταῖς

192 4424 312 4482 κινήσεσι
329 4422 437 4482 ταύταις
454 4427 592 4489 χρώμενον.
612 4426 683 4486 (iob,
702 4425 847 4489 Menagium
859 4431 971 4485 secutus,
989 4427 1100 4484 καὶτοῖς
1113 4446 1177 4486 ριν,
1195 4442 1244 4490 qua
1256 4425 1429 4477 coniunctione

127 4546 130 4553 -
190 4521 261 4572 Opus
278 4533 397 4568 essenon
414 4520 501 4568 video:
520 4521 656 4569 secundum
673 4519 812 4584 Epicurum
829 4522 972 4586 compositio
989 4527 1071 4573 motus
1088 4522 1171 4574 efficit.

230 4607 252 4674 ²)
287 4613 431 4675 ors-sia,
450 4618 586 4665 sss-cos.
