3196 5160
763 310 822 372 157

180 519 278 599 poeta
312 514 479 578 nonnullas
509 513 604 576 nimis
634 533 703 576 esse
737 533 871 597 graves,
907 512 1075 599 quominus
1102 513 1323 598 propellantur
1344 512 1404 576 hoo

180 638 274 696 aestu
295 638 332 697 ut
355 653 488 713 aurum,
512 631 590 695 alias
613 631 707 694 nimis
731 631 777 694 ita
799 651 869 694 raro
893 651 962 694 esse
986 651 1138 715 corpore,
1160 636 1197 693 ut
1212 637 1319 694 aestus
1334 651 1405 716 per·

180 749 269 813 volet
291 749 450 830 intactus,
474 748 562 811 velut
588 748 714 830 ‚glignea
736 747 907 811 materies''
931 755 989 826 (vs.
1016 748 1249 831 1056-1064).

225 866 307 931 Inde
330 889 350 930 a
371 888 417 930 vs.
445 867 526 929 1065
550 865 719 929 Lucretius
741 864 851 928 laudat
873 865 1026 929 nonnulla
1048 865 1198 950 exempla
1220 870 1255 927 ut
1276 864 1404 929 demon-

181 989 263 1048 stret
295 985 374 1048 alias
407 1004 459 1047 res
492 983 616 1046 facilius
650 1003 722 1045 eum
754 982 836 1046 alliis
866 1003 900 1045 se
934 983 1136 1066 coniungere.
1186 982 1292 1064 „Saxa
1314 982 1403 1046 vides

181 1101 321 1185 primum
350 1100 416 1163 sola
439 1100 596 1162 colescere
620 1098 821 1181 (coalescere)
847 1098 949 1180 ealce,
974 1098 1096 1181 glutine
1113 1090 1262 1161 materies
1277 1098 1403 1162 taurino

180 1215 327 1301 iungitur
340 1238 420 1298 una,
443 1223 479 1279 ut
494 1216 572 1279 vitio
587 1236 688 1279 venae
704 1215 885 1279 tabularum
902 1216 1027 1300 saepius
1042 1214 1166 1280 hiscant
1182 1237 1277 1302 quam
1292 1215 1403 1280 laxare

182 1339 302 1417 queant
323 1353 492 1417 compages
514 1338 626 1396 taurea
647 1331 754 1395 vincla
777 1331 820 1414 (id
842 1336 906 1394 est:
930 1331 1055 1394 tabulas
1078 1338 1199 1416 ruptas,
1223 1352 1296 1396 eum
1318 1332 1402 1416 frag-

182 1451 270 1514 mina
284 1451 407 1535 glutine
421 1450 540 1514 refecta
555 1456 629 1513 sunt
645 1456 677 1513 et
692 1471 801 1513 rursus
817 1449 995 1531 coniuncta,
1012 1449 1139 1534 saepius
1155 1449 1217 1514 alio
1233 1450 1324 1533 loce,
1347 1450 1403 1514 ubi

184 1584 285 1630 venae
307 1566 342 1628 in
354 1566 440 1650 ligno
454 1571 624 1651 apparent,
640 1566 746 1650 rumpi
760 1571 793 1628 et
807 1564 930 1629 hiscere
945 1566 1035 1629 vides
1050 1587 1145 1651 quam
1160 1566 1215 1629 ubi
1230 1566 1403 1651 glutinum,

185 1684 268 1768 quod
290 1685 595 1769 praestantissimum
626 1684 696 1747 fieri
729 1705 771 1746 ex
800 1683 947 1747 cornibus
970 1688 1132 1746 taurorum
1155 1688 1187 1747 et
1210 1683 1403 1767 genitalibus

183 1797 309 1864 Plinius
330 1801 445 1884 refert,
469 1801 580 1864 scissas
602 1807 708 1885 partes
730 1800 893 1882 continet).
916 1801 1051 1885 vitigeni
1074 1801 1185 1864 latices
1201 1801 1294 1886 aquai
1309 1801 1403 1864 fonti-

180 1912 240 1981 1111
264 1918 383 1982 audent
405 1918 552 2000 misceri,
576 1939 648 1981 eum
671 1917 729 2002 pix
750 1923 889 2002 nequeat
912 1917 1019 2001 gravis
1041 1923 1074 1981 et
1088 1918 1159 1981 leve
1175 1917 1291 1981 olivam
1307 1966 1314 1980 .
1330 1939 1403 2003 pur-

171 2051 365 2121 pureusque
388 2037 473 2099 colos
496 2034 642 2120 conchyli
663 2034 806 2118 iungitur
830 2055 893 2098 uno
917 2056 1047 2120 corpore
1070 2057 1143 2098 oum
1165 2035 1274 2118 lanae,
1298 2035 1403 2098 dirimi

168 2155 234 2236 qui
272 2174 337 2217 non
371 2159 467 2238 queat
492 2174 646 2238 usquam;
679 2174 742 2215 non
766 2152 792 2214 si
814 2153 958 2237 Neptuni
980 2153 1079 2216 fluctu
1100 2172 1253 2217 renovare
1276 2174 1404 2238 operam

166 2263 260 2352 des3
295 2291 380 2352 non,
413 2290 501 2332 mare
530 2269 557 2332 si
587 2274 691 2332 totum
721 2269 799 2332 velit
827 2269 934 2332 eluere
966 2269 1112 2332 omnibus
1143 2268 1266 2333 undis.”
1312 2269 1404 2334 Haeo

166 2386 291 2452 *amen
321 2389 376 2473 qui
409 2387 637 2471 praecedentes
668 2407 779 2450 versus
801 2386 960 2451 illustrare
982 2386 1105 2472 possint
1126 2386 1183 2448 vix
1205 2386 1404 2470 perspicitur.

166 2498 211 2569 211
253 2505 411 2589 exemplis
441 2505 526 2568 enim
548 2503 685 2568 laudatis
707 2525 813 2568 rerum
837 2504 1016 2568 coniunctio
1039 2504 1075 2566 fit
1098 2503 1306 2566 similitudine
1329 2524 1405 2589 qua-

166 2613 255 2686 lam
279 2626 312 2683 et
335 2621 543 2704 congruentia
565 2626 743 2685 atomorum
766 2626 798 2684 et
821 2620 1026 2705 spatiolorum
1048 2619 1082 2682 in
1104 2618 1207 2682 rebus.
1244 2619 1405 2700 „Quorum

166 2740 218 2803 ta
246 2743 397 2800 texturae
419 2737 603 2800 oeciderunt
625 2743 737 2801 mutua
759 2742 889 2819 contra,
913 2743 949 2799 ut
971 2758 1050 2800 aava
1072 2735 1262 2800 conveniant
1284 2736 1404 2821 plenis,
1463 2785 1465 2790 .

166 2871 261 2921 [aee
285 2854 371 2917 illius
394 2855 450 2918 illa
471 2854 630 2940 huiusque
652 2856 736 2918 inter
759 2876 812 2937 se,
847 2855 994 2918 iunctura
1015 2853 1095 2917 haec
1118 2854 1239 2939 optima
1261 2855 1404 2918 constat’'

166 2989 235 3038 vs,
280 2972 470 3054 1084—86).
516 2972 603 3056 Ergo
632 2972 764 3035 alterius
786 2971 832 3034 rei
855 2971 954 3034 atomi
976 2971 1022 3034 ita
1044 2991 1116 3034 cum
1139 2971 1270 3034 alterius
1293 2971 1406 3035 atomis

166 3089 439 3172 aoniunguntur,
462 3095 499 3152 ut
520 3090 577 3152 vix
600 3091 721 3153 secerni
736 3090 867 3174 possint.
903 3087 948 3152 As
963 3089 997 3151 in
1013 3088 1175 3173 superiore
1191 3088 1405 3173 explicatione

166 3212 256 3272 sunt
280 3206 363 3269 aeris
386 3206 485 3287 ictus,
509 3207 564 3292 qui
586 3228 637 3270 111
652 3206 867 3289 coniungunt,
890 3225 995 3290 neque
1011 3205 1109 3268 atomi
1124 3205 1209 3269 inter
1224 3226 1258 3269 11
1274 3226 1406 3270 connec-

166 3330 306 3390 :untur
351 3323 511 3387 Videntur
543 3325 642 3408 igitur
672 3324 727 3388 1111
750 3322 899 3408 exempla
921 3323 1027 3407 potius
1050 3322 1090 3386 ed
1112 3323 1208 3388 aliam
1231 3323 1406 3387 doctrinam

166 3441 350 3509 referenda
373 3461 463 3524 esse,
487 3463 583 3527 quam
605 3448 700 3527 poeta
722 3441 832 3527 paucis
854 3439 961 3503 verbis
983 3445 1108 3503 tantum
1129 3440 1237 3523 attigit
1258 3441 1405 3505 111081

166 3581 293 3648 seqq:
331 3567 398 3642 „est
433 3561 551 3643 etiam,
585 3559 676 3646 quasi
707 3564 748 3622 ut·
778 3557 891 3621 anellis
923 3556 1090 3641 hamisque
1123 3557 1241 3642 plicata
1261 3557 1347 3620 inter
1373 3576 1407 3620 se

166 3678 341 3769 quaedam
373 3679 493 3763 possint
527 3679 653 3763 coplata
686 3676 806 3758 teneri;
841 3674 925 3760 quod
947 3674 1050 3758 magis
1072 3674 1106 3736 in
1128 3674 1234 3758 lapide
1256 3673 1316 3737 hoe
1339 3673 1408 3737 fieri

166 3797 331 3880 ferroque
365 3795 519 3858 videtur”.
565 3793 748 3859 Secundum
777 3792 860 3857 hane
883 3792 1059 3856 doctrinam
1080 3812 1132 3855 res
1153 3792 1197 3856 sie
1220 3790 1409 3877 explicanda

166 3919 243 3980 est.
290 3911 370 3976 Oum
404 3933 446 3975 ex
479 3917 628 3996 magnete
663 3916 732 3975 tum
755 3931 772 3975 e
794 3910 877 3974 ferro
900 3911 999 3974 atomi
1022 3915 1191 3974 emanant:
1224 3910 1286 3975 hae
1308 3909 1408 3974 atomi

166 4052 220 4096 ea
246 4033 320 4092 sunt
342 4034 476 4110 natura,
499 4035 536 4092 ut
557 4029 650 4093 facile
672 4029 758 4092 inter
780 4049 814 4092 11
835 4029 1030 4112 iungantur,
1065 4033 1138 4091 sunt
1160 4027 1250 4112 quasi
1272 4027 1408 4092 annellis

166 4144 350 4232 hamisque
362 4146 534 4231 praeditae,
549 4152 585 4210 ut
601 4151 695 4210 antea
709 4146 773 4210 iam
788 4146 907 4209 dictum
923 4151 972 4209 111
986 4145 1139 4209 nonnulla
1155 4165 1273 4228 genera
1288 4150 1408 4209 atomo·

166 4284 256 4329 lum
278 4264 324 4328 ita
345 4264 480 4329 formata
503 4285 588 4347 esse,
612 4271 648 4328 ut
670 4264 763 4328 facile
786 4269 1015 4327 connectantur
1038 4269 1070 4326 et
1093 4282 1188 4345 aegre
1211 4263 1407 4326 relaxentur.

173 4378 233 4444 'Ut
254 4380 288 4443 in
311 4380 383 4444 aliis
406 4380 450 4444 sic
472 4380 507 4443 in
528 4380 589 4444 hoc
611 4380 831 4465 phaenomena
855 4378 1044 4463 explicando
1067 4399 1191 4464 quoque
1213 4384 1308 4463 poeta
1331 4377 1409 4441 duas

180 4495 314 4562 admisit
335 4499 388 4562 vel
410 4499 518 4583 plures
540 4498 698 4580 rationes,
722 4517 801 4583 quas
824 4517 897 4559 oum
919 4495 1051 4582 Epicuri
1074 4496 1217 4560 doctrina
1239 4494 1409 4559 convenire
1456 4523 1458 4527 ·

188 4614 295 4678 atatim
329 4615 541 4680 ostendemus.
586 4614 633 4678 At
665 4620 702 4677 ut
735 4633 820 4676 nune
852 4618 927 4676 sunt
961 4633 1071 4678 versus
1104 4612 1249 4677 collocati
1278 4611 1313 4674 in
1335 4632 1408 4674 mss.
