3196 5160
539 989 814 1083 CAPUT
850 991 1181 1086 PRIMUM.

699 1443 763 1504 DE
799 1444 1029 1506 ΑΤΟΜΙὸ.

735 1633 843 1718 (uuor.
866 1632 921 1698 nb.
945 1634 986 1717 r).

293 1838 451 1913 Quoniam
472 1839 506 1902 in
530 1859 563 1904 se
586 1845 634 1904 est
657 1840 837 1904 absolutum
859 1839 1003 1904 Lucretii
1026 1860 1122 1926 opus,
1145 1839 1245 1924 ipsius
1268 1861 1375 1904 rerum
1390 1845 1471 1905 trac-

249 1956 417 2021 tandarum
441 1957 516 2023 ordo
540 1958 714 2022 servandus
736 1979 806 2023 esse
828 1959 919 2022 nobis
942 1959 1028 2021 visus
1051 1963 1119 2022 est:
1154 1979 1351 2044 exponemus
1373 1959 1472 2042 igitur

250 2072 425 2138 doctrinam
450 2074 479 2137 1⁰
494 2074 532 2138 de
548 2075 682 2157 atomis,
707 2076 739 2139 2⁰
754 2074 793 2138 de
808 2074 920 2138 mundi
936 2095 979 2138 ex
995 2074 1109 2138 atomis
1126 2079 1219 2157 ortu,
1244 2077 1275 2138 3⁰
1292 2074 1331 2137 de
1347 2074 1471 2156 animo,

249 2191 281 2254 4⁰
315 2190 354 2255 de
388 2192 563 2255 simulacris
598 2197 630 2255 et
656 2192 776 2276 logica,
812 2195 846 2257 5⁰
871 2191 909 2256 de
932 2192 1082 2256 meteoris
1105 2197 1137 2256 et
1161 2193 1192 2256 6⁰
1214 2192 1253 2255 de
1276 2192 1315 2254 iis
1337 2197 1472 2255 naturae

249 2305 498 2393 phoenomenis,
526 2330 608 2395 quae
644 2311 678 2373 in
700 2310 781 2375 libro
816 2316 907 2375 sexto
940 2315 1138 2392 tractantur,
1174 2309 1288 2374 deinde
1318 2309 1473 2373 moralem

249 2426 317 2490 eius
351 2425 544 2510 doctrinam,
578 2448 637 2513 per
661 2434 766 2492 totum
789 2450 868 2514 opus
892 2428 1086 2514 dispersam,
1115 2450 1187 2493 cum
1210 2427 1342 2512 Epicuri
1366 2425 1473 2491 ethice

249 2543 525 2627 comparabimus,
549 2564 611 2630 quo
634 2544 716 2609 facto
740 2544 779 2609 de
802 2566 890 2609 nexu
906 2546 1047 2609 omnium
1062 2544 1274 2631 placitorum,
1302 2545 1341 2609 de
1357 2549 1473 2630 poetae

249 2664 282 2724 et
316 2659 496 2747 philosophi
525 2662 649 2726 meritis
671 2662 705 2725 in
727 2662 840 2726 ultima
868 2663 942 2728 libri
964 2669 1055 2749 parte
1078 2662 1255 2749 loquemur.
1301 2663 1472 2745 Omnibus,

249 2796 331 2862 quae
354 2797 396 2841 ex
419 2777 552 2863 Epicuri
575 2777 701 2865 scriptis
723 2779 872 2863 colligere
888 2780 1048 2865 potuimus
1064 2779 1196 2844 adiectis
1214 2778 1291 2842 locis
1307 2799 1473 2865 quousque
1549 2831 1551 2834 ,

249 2894 392 2959 Lucretii
423 2916 495 2959 cum
519 2895 635 2961 Graeci
660 2893 842 2982 philosophi
867 2895 1011 2961 doctrina
1032 2901 1204 2981 congruat,
1238 2894 1381 2981 patebit:
1416 2895 1473 2960 ubi

248 3011 332 3076 inter
355 3033 388 3077 se
412 3012 563 3078 differunt
585 3013 723 3100 amplius
744 3034 795 3078 res
818 3013 985 3078 tractanda
1008 3013 1078 3078 erit.
1536 2992 1539 2997 ⁸

292 3130 386 3195 Hanc
409 3131 564 3195 rationem
588 3136 696 3196 autem
718 3132 867 3218 viamque
890 3133 923 3196 in
945 3131 1023 3196 locis
1045 3131 1213 3197 laudandis
1234 3132 1335 3197 secuti
1352 3153 1471 3196 sumus.

249 3247 316 3313 Ubi
346 3269 388 3313 ex
416 3248 516 3333 ipsius
538 3249 670 3335 Epicuri
693 3249 881 3334 fragmentis
903 3250 1122 3315 testimonium
1144 3250 1258 3316 afferre
1281 3272 1345 3314 non
1367 3249 1472 3336 potui-

249 3387 338 3449 mus,
362 3365 402 3431 ad
426 3366 647 3430 Democritum
670 3367 885 3452 confugimus,
909 3387 1014 3453 quem,
1037 3373 1074 3430 ut
1088 3367 1196 3451 plures
1210 3373 1356 3432 veterum
1375 3368 1472 3453 scrip·

249 3489 354 3548 torum
377 3484 493 3570 etipsa
508 3485 673 3571 utriusque
689 3483 871 3571 philosophi
886 3485 1065 3569 fragmenta
1081 3490 1240 3549 testantur
1253 3491 1288 3568 ¹),
1312 3485 1471 3571 Epicurus

249 3608 377 3667 secutus
407 3608 464 3666 est.
509 3602 692 3688 Leucippus
726 3609 834 3667 autem
866 3608 898 3666 et
921 3603 1123 3667 Democritus
1145 3602 1241 3667 unius
1264 3602 1471 3689 eiusdemque.

249 3718 467 3806 philosophiae
490 3727 635 3784 auctores
659 3741 728 3784 esse
751 3720 918 3802 videntur,
946 3720 1152 3806 quamobrem
1174 3725 1367 3806 utrumque,
1390 3726 1470 3784 tam·

249 3859 344 3923 quam
378 3837 509 3923 Epicuri
539 3837 727 3921 exemplar,
762 3837 972 3902 laudavimus.
1018 3837 1176 3912 Quoniam
1208 3859 1302 3923 porro
1326 3844 1469 3921 constat,

250 3959 282 4018 et
311 3955 345 4019 in
367 3954 573 4041 sequentibus
596 3953 883 4037 demonstrabitur,
917 3953 1104 4018 Lucretium
1126 3954 1197 4018 illos
1220 3960 1345 4018 veteres
1367 3954 1470 4040 philo·

250 4071 364 4157 sophos
386 4093 450 4136 non
473 4073 609 4157 legisse,
631 4072 721 4136 nobis
744 4072 856 4154 licuit,
879 4072 965 4135 locos
981 4092 1022 4135 ex
1038 4061 1148 4135 eorum
1165 4072 1290 4157 scriptis
1304 4077 1469 4157 sumptos,

250 4193 412 4273 tamquam
434 4211 453 4252 a
475 4195 571 4274 poeta
593 4210 636 4253 ex
657 4189 788 4274 Epicuri
812 4188 938 4274 scriptis
954 4189 1124 4271 collectos,
1147 4188 1286 4252 laudare.
1325 4188 1471 4252 Similem

250 4304 386 4391 deniqne
408 4305 564 4369 rationem
587 4305 677 4392 sequi
699 4305 732 4368 in
755 4305 930 4370 Aristotele
952 4305 1111 4370 laudando
1134 4306 1230 4369 licere
1252 4278 1343 4370 nobis
1365 4306 1470 4370 visum

282 4524 299 4583 ¹)
334 4521 425 4572 Merito
442 4521 474 4571 D.
491 4522 520 4571 L.
538 4520 580 4584 X,
598 4526 629 4585 4,
657 4523 682 4574 ei
705 4522 812 4576 obicitur
841 4523 907 4589 quod
935 4524 967 4574 τὰ
985 4524 1143 4589 Δημοκρίτου
1160 4524 1217 4587 περὶ
1239 4527 1292 4574 τῶν
1312 4524 1468 4587 ἀτόμων...

250 4620 283 4677 ὡς
305 4618 356 4670 ἴδια
379 4620 452 4686 λέγει.
