3196 5160
742 279 781 342 21

1362 483 1369 510 i

152 478 252 562 pellat
275 484 371 563 poeta
392 499 529 543 vacuum
544 499 611 542 rem
628 480 652 562 ¹)
667 502 675 562 ;
698 479 832 544 fortasse
847 485 978 565 propter
1005 486 1202 564 „egestatem
1219 481 1380 565 linguae'.

152 595 200 658 Ut
219 594 279 659 hoc
299 603 406 659 autem
421 602 597 660 contraeas
620 596 790 660 affirmavit
813 595 1039 683 philosophos,
1064 598 1118 684 qui
1141 599 1305 682 negabant
1328 621 1381 662 va·
1431 645 1437 657 .

152 733 247 776 cuum
270 713 357 777 aliud
380 735 448 778 esse
471 735 566 800 quam
590 735 654 778 nen
677 735 746 778 esse
762 714 805 798 ²),
834 715 879 778 sic
903 715 1069 800 sequentia
1091 715 1246 800 imprimis
1269 716 1380 780 adver-

151 851 205 893 sus
238 830 361 895 Stoicos
394 831 529 916 scripsit.
575 831 734 895 Distinxit
768 831 854 895 enim
888 831 1078 914 Lucretius,
1124 831 1300 917 Epicurum
1332 854 1379 897 se-

152 952 262 1031 cutus,
298 969 366 1011 esse
390 949 423 1011 in
446 949 584 1031 aliare,
609 956 641 1012 et
664 970 732 1013 esse
756 970 813 1034 per
836 970 879 1013 se.
914 949 988 1012 Non
1010 954 1109 1032 negat
1132 956 1259 1035 praeter
1281 956 1381 1015 mate·

150 1065 231 1127 riem
254 1070 286 1129 et
309 1087 444 1129 vacuum
467 1067 530 1129 alia
554 1087 644 1148 esse,
676 1065 733 1129 sed
756 1087 794 1129 ea
817 1087 885 1129 esse
909 1086 966 1151 per
990 1087 1040 1148 sc,
1065 1066 1208 1130 confiteri
1231 1073 1377 1131 recusat:

152 1203 371 1268 quaecumque
405 1189 533 1268 praeter
566 1182 645 1247 haec
681 1183 743 1247 duo
771 1189 862 1266 sunt,
897 1188 953 1246 aut
976 1184 1145 1247 coniuncta
1169 1190 1242 1247 sunt
1263 1185 1379 1267 rebus,

151 1305 209 1364 aut
242 1321 351 1364 earum
385 1308 501 1365 eventa
514 1301 557 1384 ³):
581 1302 765 1383 coniuncta,
789 1323 861 1366 cum
884 1323 903 1364 a
926 1322 1056 1386 corpere
1080 1302 1201 1366 secerni
1224 1323 1288 1365 nen
1309 1324 1380 1387 pes-

152 1424 228 1481 sunt
249 1420 310 1482 nisi
332 1420 513 1502 intereant,
549 1428 584 1484 ut
610 1422 752 1507 ,pondus
775 1423 866 1503 saxi,
901 1423 987 1486 calor
1009 1422 1110 1506 iguis,
1142 1423 1245 1508 liquor
1267 1423 1379 1508 aquai,

151 1541 256 1599 tactus
279 1538 462 1621 corporibus
485 1539 628 1621 cunctis,
659 1540 798 1603 intactus
829 1539 940 1603 inani’'
957 1537 1001 1622 4);
1038 1545 1154 1604 eventa
1176 1546 1284 1603 autem
1307 1545 1380 1603 sunt

150 1651 251 1735 haee,
279 1676 432 1740 ,quorum
448 1655 589 1719 adventu
604 1663 712 1720 manet
728 1657 896 1720 incolumis
910 1663 1025 1720 natura
1040 1656 1226 1742 abituque”,
1250 1662 1287 1720 ut
1302 1679 1379 1742 pau·

151 1776 281 1856 pertas,
316 1772 456 1855 bellum,
492 1774 668 1838 concordia.
714 1775 929 1861 Appellantur
960 1772 1040 1838 haec
1074 1775 1114 1839 ab
1141 1774 1281 1860 Epicure
1305 1805 1379 1858 συμ-

151 1889 321 1969 πτώματα,
356 1890 412 1953 illa
442 1897 549 1954 autem
584 1888 812 1978 συμβεβηκότα
827 1890 859 1974 ⁵).
904 1892 995 1955 Inter
1018 1896 1134 1955 eventa
1157 1898 1283 1977 tempus
1305 1913 1380 1978 quc·

153 2072 352 2083 ὴ*-

188 2152 205 2208 ¹)
240 2151 267 2211 1,
285 2154 340 2201 420.

186 2245 204 2303 ²)
240 2246 397 2297 Democritus
416 2247 507 2312 (Zellar
524 2247 551 2307 I,
570 2249 617 2300 578
635 2246 713 2311 seqq.)
731 2251 757 2296 et
774 2245 859 2296 Stoici.

185 2341 205 2404 ³)
240 2342 272 2391 D.
290 2342 319 2392 L.
339 2343 378 2402 X,
396 2346 444 2391 40:
463 2345 534 2407 παρὰ
552 2342 576 2393 δὲ
595 2346 678 2392 ταῦτα
695 2342 768 2393 οὐδὲν
789 2344 959 2401 ἐπινοηθῆναι
981 2341 1139 2392 δύναται...
1157 2343 1191 2402 ὡς
1203 2346 1235 2394 τὰ
1246 2345 1305 2394 καθ’
1316 2347 1380 2403 ὅλας

151 2440 239 2508 φύσεις
258 2438 446 2504 λαμβανόμενα
463 2439 556 2500 καὶμὴ
574 2441 606 2496 ὡς
624 2440 656 2487 τὰ
674 2437 772 2488 τούτων
790 2440 966 2502 συμπτώματα
984 2438 998 2496 ἢ
1017 2437 1198 2502 συμβεβηκότα
1217 2441 1346 2504 λεγόμενα.

185 2535 205 2600 ⁴)
240 2538 287 2584 453
307 2551 360 2599 sqq.
395 2533 492 2584 Iniuria
512 2533 627 2583 ultimum
646 2549 745 2583 versum
762 2533 845 2582 delent
861 2533 963 2582 Lachm.
976 2533 1085 2582 etBern.
1112 2533 1205 2597 (Munr.
1218 2538 1379 2597 sumservat)

151 2630 212 2696 quia
222 2630 363 2691 „intactus”
377 2630 453 2679 latine
470 2628 520 2679 dici
536 2645 585 2679 non
596 2629 673 2693 pessit
684 2645 689 2677 :
708 2628 770 2677 mihi
784 2628 883 2693 quidem
894 2627 994 2678 ridetur
1003 2627 1050 2678 hoe
1061 2628 1210 2678 vocabulum
1221 2629 1251 2678 ab
1263 2629 1317 2692 ipso
1328 2631 1379 2678 Lu-

150 2725 228 2776 cretio
244 2724 373 2775 brevitatis
390 2741 464 2775 causa
480 2724 610 2774 inventum
628 2740 695 2785 esse,
713 2729 742 2774 ut
757 2723 858 2773 haberet
874 2725 941 2788 qued
956 2723 1036 2773 tactui
1053 2729 1190 2787 opponeret
1207 2727 1291 2776 eedem
1307 2727 1380 2776 modo

151 2825 227 2886 atque
249 2820 324 2871 inane
348 2826 374 2871 et
398 2837 498 2885 corpora
520 2821 586 2870 inter
611 2836 637 2870 se
658 2825 717 2869 sunt
739 2819 858 2884 opposita.
895 2819 1025 2869 Praeterea
1042 2822 1079 2868 est
1095 2818 1203 2882 primum
1220 2820 1379 2871 coniunctum

152 2933 281 2980 corporum
307 2921 404 2977 tactus,
433 2921 462 2967 ut
484 2915 566 2966 inanis
582 2921 620 2966 est
636 2917 702 2980 quod
716 2915 788 2979 tangi
809 2931 860 2965 non
876 2920 964 2978 potest.
1000 2914 1068 2964 Sext.
1086 2915 1158 2978 Emp.
1176 2918 1233 2965 adv.
1250 2917 1327 2966 math.
1346 2918 1379 2967 X.

60 3067 64 3072 ,
153 3014 211 3079 321,
235 3010 339 3074 Epicuri
355 3011 431 3060 verba
446 3009 558 3070 laudans,
576 3009 640 3059 inter
657 3009 838 3074 συμβεβηκότα
855 3008 968 3059 nominat
979 3007 1119 3060 ἀντιτυπία
1132 3011 1178 3074 μὲν
1190 3013 1235 3060 τοῦ
1248 3011 1378 3076 σώματος,

153 3107 212 3164 εἶξις
229 3105 254 3155 δὲ
274 3109 318 3157 τοῦ
336 3109 425 3157 saved:
454 3106 539 3170 itaque
559 3108 625 3154 recte
649 3108 722 3167 putat
747 3103 868 3153 Munrcus
895 3101 1040 3152 Lucretium
1066 3119 1110 3166 pro
1134 3103 1379 3163 11οοε1ξιςόαυυι1αι

151 3216 291 3264 usurpasse.

186 3297 208 3361 ⁵)
243 3295 366 3345 Munrous
382 3301 457 3359 negat
473 3295 609 3358 Epicurum
625 3295 672 3344 hoe
688 3293 820 3344 discrimen
836 3292 923 3343 fecisse
939 3297 1059 3358 putatque
1076 3293 1107 3343 ab
1122 3293 1177 3358 ipso
1194 3294 1310 3345 Lucretio
1327 3295 1378 3344 fac-

150 3396 207 3441 tum
221 3407 281 3451 esse,
299 3396 328 3440 ut
344 3390 492 3440 discerneret
508 3392 557 3440 due
577 3406 667 3454 genera
678 3389 879 3454 συμβεβηκότων
896 3388 936 3438 rel
957 3388 1139 3450 accidentium,
1159 3405 1247 3452 nempe
1264 3405 1300 3451 ea,
1317 3406 1379 3454 quae

152 3490 212 3535 sunt
233 3485 360 3537 παθάὑτό
376 3485 418 3534 vel
436 3501 480 3548 per
502 3501 541 3545 se,
569 3490 594 3534 et
613 3501 676 3548 quae
695 3500 745 3533 non
765 3487 825 3533 sunt
845 3498 889 3546 per
904 3497 937 3531 se.
970 3482 1070 3532 Testem
1089 3482 1161 3532 affert
1182 3483 1265 3546 ipsum
1286 3483 1378 3546 Epicu·

151 3598 208 3630 rum
227 3581 261 3630 D.
282 3582 311 3630 L.
333 3581 373 3641 X,
392 3584 437 3640 40,
456 3581 495 3638 67,
523 3583 571 3640 68,
591 3575 637 3640 70',
658 3580 687 3631 71
710 3584 735 3628 et
755 3579 823 3628 Sext.
847 3579 918 3640 Emp.
940 3578 996 3626 adv.
1015 3563 1131 3627 matham.
1151 3579 1189 3639 X,
1217 3582 1271 3627 221.
1305 3580 1378 3628 Atta·

150 3693 209 3726 men
227 3676 289 3726 mihi
305 3692 356 3725 non
369 3675 498 3739 persuasit.
532 3674 666 3725 Videamus
683 3691 744 3724 num
763 3673 903 3736 Epicurus,
921 3673 964 3737 qui
981 3679 1064 3723 monet
1075 3690 1107 3723 ne
1118 3672 1311 3737 significationes
1322 3690 1378 3723 ver·

150 3769 239 3820 borum
256 3770 452 3830 confundamus,
469 3774 553 3818 tamen
568 3768 621 3832 ipse
638 3783 682 3831 pro
698 3769 783 3818 eedem
799 3783 825 3817 re
842 3769 891 3817 duc
909 3769 1065 3831 usurpaverit
1081 3767 1209 3816 vocabula.

184 3865 217 3914 In
240 3862 251 3925 b
270 3867 301 3913 68
323 3880 389 3928 seqq.
416 3866 448 3914 τὰ
465 3865 587 3929 σχήματα
605 3865 647 3913 rai
669 3865 700 3914 τὰ
719 3864 841 3928 χρώματα
859 3864 901 3912 παὶ
919 3865 950 3912 τὰ
968 3864 1060 3927 μεγέθη
1078 3863 1121 3912 sai
1140 3865 1171 3910 τὰ
1187 3860 1270 3924 βαρέα
1287 3863 1378 3912 ὡσανεὶ

150 3959 382 4025 συμβεβηκότα
399 3958 568 4022 appellantur,
586 3963 661 4023 atque
678 3959 707 4006 de
718 3956 750 4006 iis
760 3956 934 4020 praedicatur,
956 3973 984 4008 ea
1002 3972 1055 4007 esse
1077 3956 1192 4021 quidem,
1210 3957 1253 4006 sed
1274 3972 1324 4006 non
1335 3973 1379 4020 per

149 4070 194 4115 se,
214 4070 294 4120 neque
315 4059 399 4105 tamen
419 4070 471 4104 esse
490 4059 571 4117 partes
591 4069 733 4118 corporum,
754 4053 790 4102 ita
800 4057 830 4101 ut
847 4053 908 4102 haee
926 4069 958 4102 ex
977 4051 1028 4101 illis
1048 4050 1098 4101 sint
1117 4050 1264 4114 composita:
1295 4050 1378 4115 petius

150 4155 212 4199 sunt
225 4165 308 4199 rerum
327 4150 497 4213 proprietates,
523 4149 643 4214 equibus
666 4148 781 4198 omnibus
805 4153 950 4211 perpetuam
978 4147 1071 4196 habent
1095 4162 1166 4195 suam
1196 4152 1326 4196 naturam:
1351 4148 1377 4198 ἐτι

150 4245 252 4296 τούτων
270 4245 393 4296 ἁπάντων
410 4247 459 4305 τὴν
476 4245 565 4296 ἑαυτοῦ
578 4246 655 4310 φύσιν
665 4245 725 4309 ἔχον
738 4243 821 4295 ἀΐδιον
840 4241 863 4308 (l
877 4243 927 4308 69).
952 4245 994 4292 1εαὶ
1010 4241 1137 4304 ἐπιβολὰς
1150 4243 1194 4304 μὲν
1206 4243 1299 4306 ἔχοντα
1313 4241 1378 4301 ἰδίας

150 4344 240 4392 πάντα
253 4342 325 4391 ταῦτ’
344 4339 399 4391 ἐστὶ
415 4342 458 4391 καὶ
475 4338 675 4404 dealbatam...
695 4338 793 4403 οὐδαμῆ
811 4338 1013 4402 ἀποσχιζομένου
1031 4340 1085 4397 (τοῦ
1103 4339 1214 4402 ἀθρόου).
1249 4337 1379 4401 Contingit

150 4451 213 4487 rere
224 4435 365 4500 cerporibus
383 4452 462 4499 saepe,
475 4440 504 4484 ut
519 4451 569 4485 non
592 4434 752 4498 sempiternas
768 4433 877 4483 habeant
896 4432 1028 4497 qualitates
1041 4433 1103 4493 (70):
1120 4434 1184 4483 ὥστε
1196 4432 1226 4493 δὴ
1246 4435 1312 4483 κατὰ
1329 4435 1378 4494 τὴν

150 4533 282 4592 πλείστην
298 4534 379 4596 φορόν
408 4528 431 4597 (i
450 4531 480 4582 67
508 4546 614 4595 quoque,
634 4530 662 4579 in
678 4528 821 4579 definitione
840 4528 956 4579 vocabuli
971 4530 1124 4593 ἀσώματονι
1148 4530 1214 4578 κατὰ
1235 4529 1284 4588 τὴν
1306 4529 1377 4578 alst·

149 4647 219 4689 στην
231 4625 339 4693 ὁμιλίαν)
358 4627 441 4692 τούτῳ
452 4629 490 4692 τηῖ
504 4629 609 4690 ὀνόματι
626 4627 749 4690 χρώμενοι
765 4629 877 4691 φανερὸν
894 4627 1016 4690 ποιοῦμεν
1034 4626 1071 4674 τὰ
1088 4624 1287 4688 συμπτώματ’
1307 4623 1377 4673 οὔτε
