3196 5160
793 301 831 362 75

194 500 322 584 poribus
355 501 577 584 insinuantur,
612 501 667 566 sed
702 524 774 565 cum
808 523 938 587 corpore
972 508 1146 565 nascuntur
1165 506 1213 564 *et
1247 499 1419 563 intereunt.

196 616 293 681 Suum
326 624 448 682 certum
483 640 627 704 quaeque
651 640 759 683 semen
782 619 879 682 habet
902 620 1021 700 anima,
1045 618 1130 681 unde
1153 618 1293 681 nascitur
1317 618 1418 698 (746).

195 733 319 818 Ergo„
324 756 380 798 cur
402 736 490 799 milia
509 737 611 799 multe
638 737 814 799 animarum
838 736 1028 799 conveniant
1051 734 1135 798 unde
1151 755 1216 797 una
1232 733 1420 796 recesserit”

196 854 277 935 (724)
300 875 364 917 non
388 852 586 917 difficilet
539 862 586 917 est
611 855 784 940 explicatu
831 854 953 918 Eodem
977 854 1080 935 mode,
1104 874 1166 940 quo
1190 874 1232 916 ex
1255 873 1318 915 uno
1343 851 1420 914 ιιιιο-

195 969 292 1034 busue
323 972 506 1056 corporibus
536 973 637 1036 multa
660 979 794 1036 noscunt
796 994 834 1035 ur
858 994 1007 1057 corpora,
1032 993 1104 1035 cum
1127 971 1229 1034 multe
1251 970 1350 1033 insint
1373 990 1421 1032 se·

193 1088 298 1171 mine,
329 1089 450 1153 multae
473 1090 597 1154 animae
621 1111 745 1176 quoque
768 1095 942 1154 nascuntur
964 1090 1048 1153 unde
1072 1111 1136 1153 unc
1158 1089 1310 1169 recessit,
1348 1108 1420 1150 cum

193 1205 294 1268 multa
326 1205 425 1269 insint
448 1207 570 1271 semine
592 1190 770 1271 animorum
793 1209 825 1270 in
848 1229 912 1271 uno
936 1208 1075 1271 animali.
1122 1206 1174 1270 Ex
1198 1204 1328 1270 Stobaei
1351 1203 1420 1267 nel.

193 1343 223 1407 p.
250 1325 313 1387 900
336 1323 445 1388 videre
469 1325 544 1388 licet
566 1325 649 1388 hanc
673 1324 848 1389 doctrinam
871 1346 943 1388 cum
967 1325 1098 1410 Epicuri
1121 1325 1173 1388 uel
1196 1323 1422 1408 discipulorum

193 1439 318 1524 placitis
362 1462 558 1525 congruere:
626 1447 665 1508 Oi
714 1441 740 1509 δ’
768 1447 800 1508 ἐν
845 1444 987 1527 ἀπείροις
1033 1445 1183 1523 κόσμοις,
1229 1442 1333 1524 ὥσπερ
1380 1437 1418 1515 δὴ

194 1561 223 1623 οἱ
252 1563 320 1643 περὶ
356 1562 555 1644 Δημόκριτον
588 1565 636 1626 και
671 1561 882 1641 Ἐπίκουρον,
917 1561 982 1626 ἀπὸ
1016 1564 1080 1624 τῶν
1119 1549 1256 1644 ἀπείρων
1294 1559 1421 1638 ἀτόμων

194 1675 269 1738 κατὰ
303 1679 476 1760 συντυχίαν
511 1680 751 1762 συνερχομένων
781 1679 992 1740 συνίστασθαι
1019 1677 1077 1750 τὰς
1099 1675 1248 1760 ψυχὰς
1233 1700 1421 1758 ηγουμενοι,

194 1791 343 1876 ἀπείρους
373 1793 471 1866 αὐτὰς
493 1794 604 1858 ειναι“
592 1797 751 1874 επομένως
774 1803 842 1874 ταῖς
866 1797 992 1867 οἰκείαις
1014 1795 1203 1857 ὑποθέσεσιν
1226 1792 1421 1874 ἇποφαίνον·

193 1935 252 1972 Tul
296 1913 356 1972 Καὶ
379 1911 409 1972 Oi
431 1937 487 1989 μέν
510 1913 541 1973 ἐκ
564 1937 750 1995 σπερματων
774 1911 872 1984 αὐτὸς
894 1936 1069 1994 γίννωνῒές
1094 1909 1224 1971 ἑκάστου
1247 1903 1421 1986 δυνὰμενοι)

192 2024 301 2090 πθλλιλ
333 2031 484 2112 σπξίρέιι),
515 2056 563 2092 Καί
594 2025 684 2093 Τουδξ
714 2030 887 2110 πρθίθντθς
915 2029 959 2092 ἄδι
992 2031 1040 2092 uui
1076 2023 1241 2107 01186μῆ
1231 2051 1419 2105 ίσῗᾱμξνθυ,

194 2145 268 2208 κατὰ
292 2144 350 2219 τὴν
374 2147 496 2228 γένεσιν
520 2150 568 2210 καὶ
593 2147 625 2209 ἐν
648 2152 694 2229 τῷ
713 2149 882 2230 γίγνεσθαι
905 2146 950 2210 ἀεὶ
971 2146 1008 2209 τὸ
1028 2143 1157 2228 ἄπειρον
1181 2140 1420 2207 ἀπολείπουσιν.

196 2261 234 2322 Oi
267 2256 299 2324 δὲ
334 2261 409 2324 κατὰ
443 2258 628 2346 μεταβολὴν
662 2258 696 2335 ἐξ
718 2262 790 2336 ἑνὸς
812 2260 897 2346 Zqsov
921 2263 1126 2346 φθειρομένου
1150 2263 1197 2322 και
1221 2255 1330 2321 πολλὰ
1355 2254 1420 2340 an

195 2378 242 2438 και
279 2375 408 2450 πολλὰς
442 2375 528 2454 ζωὰς
558 2378 758 2462 παράγοντες
792 2382 825 2443 ἐν
854 2384 899 2463 τῷ
931 2374 1145 2462 μεταβάλλειν
1169 2379 1334 2459 συνεχῶς,
1371 2375 1419 2436 και

194 2488 344 2573 μηδέποτε
367 2491 534 2558 ἐπιλείπειν
557 2496 614 2570 τὴν
638 2497 669 2559 ἐκ
691 2505 745 2574 τῆς
768 2492 951 2579 μεταβολῆς
975 2491 1198 2579 διαδεχομένην
1228 2492 1421 2575 ἀειγενεσίαν

195 2612 290 2696 ταύτῃ
324 2611 360 2674 τὸ
395 2612 571 2696 ἀπέραντον
605 2610 733 2686 πλῆθος
767 2617 830 2677 τῶν
864 2615 980 2697 ψυχῶν
1011 2613 1201 2676 ἐπινοοῦσιν.
1246 2608 1421 2670 Praeterea

196 2723 343 2809 quoniam
366 2724 512 2812 quodque
536 2726 721 2790 animalium
737 2747 837 2810 genus
854 2747 946 2790 suum
961 2725 1059 2789 habet
1073 2724 1253 2809 ingenium,
1272 2723 1420 2804 „leonum

195 2861 295 2925 genus
329 2863 434 2906 acrem
469 2843 671 2927 violentiam,
705 2844 815 2929 volpes
846 2843 970 2925 dolum,
1006 2843 1091 2907 cerui
1114 2842 1255 2926 fugam”,
1280 2839 1420 2904 dubitari

196 2979 259 3022 non
279 2965 385 3045 potest
408 2961 484 3047 quin
504 2982 560 3025 suo
586 2961 726 3043 „semine
749 2961 946 3047 seminioque
969 2961 1017 3025 vis
1039 2960 1137 3025 animi
1159 2959 1280 3045 pariter
1299 2963 1421 3022 crescat

196 3097 267 3140 cum
301 3099 432 3163 corpore
466 3083 553 3142 t0t0'’
574 3082 608 3156 ¹).
660 3079 694 3143 si
732 3081 841 3142 eutem
877 3079 929 3161 „in
963 3085 1072 3143 tenero
1096 3099 1226 3163 corpore
1249 3076 1421 3141 tenerescit

195 3195 315 3276 mens’',
339 3195 409 3280 quis
432 3202 481 3259 est
504 3196 558 3282 qui
581 3196 703 3260 animos
725 3197 876 3261 mortales
899 3217 967 3260 esse
991 3216 1108 3280 negare
1131 3196 1253 3281 possit?

237 3311 384 3397 Denique
407 3319 443 3376 ut
465 3313 571 3377 omnia
594 3314 704 3398 paucis
727 3313 994 3399 comprehendet,
1019 3314 1214 3379 demonstret
1236 3311 1421 3376 immortuli-

195 3434 293 3492 tetem
326 3430 424 3492 enimi
457 3452 586 3515 prorsus
615 3413 799 3517 ¹repugnare
828 3433 967 3516 rationi,
1003 3454 1098 3518 quem
1125 3453 1183 3517 per
1206 3436 1306 3494 totum
1328 3435 1421 3494 natu·

195 3566 264 3635 rem·
291 3546 437 3610 videmus
467 3547 653 3612 adhibitam.
702 3550 760 3631 „ln
790 3549 921 3613 aethere
955 3571 1019 3614 non
1042 3550 1155 3632 arbor,
1191 3569 1255 3611 non
1283 3566 1420 3633 aequore

196 3664 274 3727 salso
308 3664 409 3729 nubes
443 3687 512 3730 esse
535 3673 677 3752 queunt,
711 3687 770 3730 nec
792 3668 896 3753 pisces
918 3668 1027 3731 vivere
1050 3668 1084 3731 in
1107 3667 1212 3749 arvis,
1246 3686 1306 3729 nec
1329 3685 1422 3727 cruor

196 3781 344 3866 inlignis
366 3804 471 3869 neque
494 3784 580 3848 saxis
603 3806 697 3848 sucus
710 3785 846 3848 inesse”.
874 3785 1024 3866 „Certum
1040 3805 1077 3849 ec
1094 3783 1283 3869 dispositum
1300 3789 1348 3845 est
1335 3780 1421 3845 tubi

197 3898 343 3984 quicquid
379 3906 501 3963 crescat
536 3906 568 3963 et
602 3900 710 3963 insit’.
756 3901 818 3975 Qui
853 3906 907 3964 eut
910 3921 960 3964 em
991 3922 1063 3963 eum
1085 3899 1216 3963 hoctot
1169 3899 1267 3978 totius
1288 3903 1421 3961 naturae

198 4015 305 4078 ordine
329 4017 510 4080 concineret
533 4018 675 4081 animum
700 4019 797 4082 etiam
820 4026 912 4083 extra
935 4040 1049 4104 corpus
1071 4019 1180 4082 vivere
1203 4037 1294 4102 posse
1317 4022 1350 4079 et
1373 4036 1421 4078 so·

195 4129 259 4196 lum
282 4155 301 4196 a
327 4139 478 4214 „naturae
500 4135 703 4199 foederibus”
729 4136 866 4200 liberum
889 4138 1003 4200 esse?
1000 4138 1031 4220 ·’.)
1068 4136 1204 4200 Sedt
1154 4158 1190 4198 ra
1192 4135 1271 4199 tioui
1293 4140 1420 4198 nostrae

193 4244 253 4332 ipsi
287 4256 466 4334 repugnat,
503 4272 539 4315 eo
571 4251 685 4334 mode,
718 4258 754 4314 ut
776 4252 950 4316 adversarii
979 4259 1037 4338 ραι
1038 4258 1093 4315 ent
1103 4302 1111 4335 ,
1135 4251 1327 4315 immortalia
1349 4272 1421 4314 cum

192 4427 402 4441 κ-ῄ-

226 4542 246 4602 1)
280 4542 323 4591 Vs.
343 4544 478 4596 741—775.

226 4636 248 4694 1)
280 4637 323 4686 Vs.
343 4638 462 4690 782-97.
499 4640 590 4690 Eodem
607 4643 678 4691 modo
694 4641 854 4692 ratiocinatus
871 4650 908 4691 est
927 4660 961 4692 vs.
980 4646 1026 4691 646
1043 4660 1109 4709 seqq.
1128 4646 1174 4692 olo
1192 4658 1258 4709 seqq.
