3196 5160
773 281 814 342 93

208 481 300 547 Haec
345 482 386 547 ad
419 482 560 545 litteram
590 480 657 545 fere
692 502 734 545 ex
765 481 904 567 Epicuro
940 482 1148 567 transscripta
1182 503 1249 546 esse
1283 481 1389 547 eOic.

168 598 206 662 de
250 599 322 663 Fin.
364 599 390 662 Ι.
429 601 489 682 19,
530 601 571 661 64
608 604 762 683 apparet:
813 619 910 684 ,quos
949 601 1083 682 (sensus)
1118 599 1172 685 qui
1206 599 1321 662 tollunt
1358 603 1391 662 et

167 715 246 780 nihil
282 717 404 802 percipi
441 736 532 802 posse
570 716 701 798 dicunt,
743 716 766 778 ii
804 717 934 780 remotis
972 716 1115 780 sensibus
1148 737 1190 780 ne
1220 716 1254 780 id
1286 717 1391 802 ipsum

168 834 294 920 quidem
333 834 485 920 expedire
523 840 675 920 possunt,
711 833 795 918 quod
833 833 1002 898 disserunt.
1059 835 1233 898 Praeterea
1267 834 1392 898 sublata

169 952 348 1036 cognitione
392 959 424 1016 et
460 952 594 1017 scientia
629 952 751 1015 tollitur
779 952 881 1016 omnis
915 952 997 1015 ratio
1035 957 1067 1015 et
1103 951 1188 1017 vitae
1227 951 1391 1036 degendae

169 1073 200 1130 et
242 1089 348 1132 rernm
393 1067 641 1153 gerendarum”;
674 1073 769 1153 atque
798 1089 839 1132 ex
866 1068 935 1153 ipso
962 1067 1100 1153 Epicuro
1117 1065 1153 1149 ¹):
1188 1073 1274 1134 πᾶσα
1310 1067 1390 1154 γάρ,

169 1190 285 1271 φησίν,
332 1186 478 1267 αἴσθησις
524 1186 650 1272 ἄλογός
687 1189 749 1252 ἐστι
795 1192 842 1252 καὶ
888 1191 1012 1269 μνήμης
1058 1183 1203 1268 οὐδεμιᾶς
1247 1183 1391 1262 δεκτικῆ·

169 1306 238 1372 οὔτε
284 1301 346 1389 γόρ
393 1303 444 1390 ὑφ’
487 1305 582 1380 αὑτῆς
625 1301 696 1368 οὗθ’
744 1303 798 1389 ὑφ’
844 1306 947 1387 ἑτέρου
994 1306 1151 1378 κινηθεῖσα
1199 1300 1328 1368 δόναταί
1364 1332 1391 1370 τι

169 1428 354 1508 προσθεῖναι
386 1422 404 1496 ἢ
439 1421 588 1508 α’φελεῖν,
625 1418 691 1486 οὐδ’
726 1421 789 1486 ἔστι
821 1422 857 1485 τὸ
893 1418 1067 1503 δυνάμενον
1096 1419 1192 1501 αὐτας
1215 1417 1390 1507 διελέγξαι·

169 1539 238 1606 οὔτε
272 1538 334 1625 γόρ
365 1542 384 1615 ἡ
416 1540 604 1623 όμοιογινὴς
638 1540 696 1614 τὴν
730 1542 897 1624 ὁμοιογενῆ
922 1535 971 1603 διό
993 1539 1050 1614 τὴν
1074 1541 1287 1604 ἰσοσθένειαν·
1322 1537 1392 1604 οὔθ’

169 1659 188 1732 ἡ
212 1657 442 1741 α’νομοιογενὴς
464 1657 522 1731 τὴν
545 1655 775 1740 α’νομοιογενῆ,
799 1655 837 1719 οὐ
861 1652 922 1740 γόρ
946 1659 1010 1719 τῶν
1033 1655 1137 1720 αὐτῶν
1161 1650 1218 1720 εἶσὶ
1242 1660 1391 1741 κριτικαί·

170 1770 243 1839 οὔθ’
267 1777 286 1848 ἡ
311 1775 394 1856 ἑτέρα
419 1774 477 1848 τὴν
501 1775 625 1857 ἑτέραν,
649 1774 767 1848 πάσαις
781 1770 844 1857 γόρ
858 1774 1079 1857 προσέχομεν·
1104 1770 1173 1836 οὔτε
1188 1774 1250 1848 μὴν
1265 1772 1392 1857 λόγος,

169 1895 233 1964 πᾶς
266 1887 328 1975 γόρ
359 1889 464 1973 λόγος
496 1888 559 1953 α’πὸ
583 1893 646 1953 τῶν
669 1891 847 1962 αἰσθήσεων
869 1887 1006 1972 ἤρτηται.
1050 1886 1158 1951 Homo
1180 1887 1280 1972 igitur
1301 1888 1393 1952 erile·

169 2006 225 2069 riis
248 2005 440 2093 quibusdam
464 2005 661 2089 distinguere
685 2009 790 2090 potest
811 2023 903 2066 veras
926 2025 945 2066 a
964 2002 1050 2066 falsis
1066 2004 1275 2089 opinionibus.
1299 2004 1392 2070 Haeo

169 2129 278 2189 autem
301 2124 363 2187 tria
385 2129 476 2187 sunt:
509 2123 750 2208 perceptiones,
781 2121 1024 2206 praenotiones,
1047 2122 1180 2185 affectus
1195 2121 1231 2205 2).
1276 2122 1393 2207 Dioge-

169 2260 226 2304 nes
271 2239 419 2304 Laertius
465 2238 541 2302 dioit
587 2239 779 2324 Epicureos,
826 2259 890 2301 non
928 2259 1004 2302 vero
1039 2239 1144 2323 ipsum
1187 2239 1392 2322 magistrum,
1459 2233 1463 2239 ’

169 2357 311 2422 adhaec
334 2358 395 2421 tria
417 2357 544 2421 oritcria
566 2356 725 2420 addidisse
747 2361 896 2441 quartum
922 2355 978 2432 τὰς
1003 2358 1211 2442 φανταστικὰς
1237 2356 1395 2444 ἐπιβολαῖς

169 2485 225 2551 τῆς
260 2473 418 2552 διανοίας,
453 2474 509 2538 sed
539 2480 647 2538 tamen
677 2473 813 2555 fallitur,
848 2495 923 2536 nam
945 2473 1014 2558 ipae
1038 2473 1197 2558 Epicurus
1219 2473 1279 2538 hoo
1303 2496 1395 2561 quar·

169 2597 239 2655 tum
272 2591 415 2655 nominat
448 2591 488 2655 D.
512 2591 550 2655 L.
574 2591 616 2655 X.
655 2594 714 2655 147
749 2597 781 2654 et
812 2593 871 2674 51,
906 2612 1003 2677 quare
1026 2590 1159 2656 fortasse
1182 2592 1272 2656 uncis
1295 2593 1395 2657 inolu-

172 2708 276 2788 denda
313 2715 387 2773 sunt
424 2709 480 2773 illa
513 2709 621 2772 verba.
666 2708 730 2772 sed
764 2708 891 2772 difficile
926 2714 973 2772 est
1008 2708 1115 2791 dictu,
1154 2710 1230 2795 quid
1265 2710 1305 2774 sit
1339 2711 1396 2776 illa

171 2827 363 2911 φανταστικὴ
387 2823 579 2911 ήέπιβολή,
615 2845 696 2910 quae
730 2826 814 2888 inter
847 2824 974 2888 criteria
1007 2825 1206 2909 nominatur,
1229 2848 1303 2891 nam
1326 2849 1395 2913 cap.

170 2943 213 3005 50
246 2941 383 3026 legimus
415 2951 463 3008 καὶ
499 2940 537 3018 ἣν
573 2939 612 3006 ἂν
645 2939 798 3027 λάβωμεν
833 2945 1008 3027 φαντασίαν
1035 2940 1248 3028 ἐπιβλητικῶς
1271 2950 1309 3030 τῇ
1332 2941 1396 3010 δια·

172 3064 243 3144 νοίμ
275 3059 293 3135 ῆ
326 3068 395 3134 τοῖς
428 3062 644 3143 αἰσθητηρίοις
677 3057 734 3122 ε’ίτε
755 3067 880 3144 μορφῆς
902 3059 959 3123 εἴτε
982 3056 1253 3144 συμβεβηκότων,
1287 3064 1394 3147 μορφή

172 3179 255 3241 έστιν
300 3177 375 3252 αὕτη
420 3183 476 3242 τοῆ
519 3179 718 3261 στερεμνίου,
768 3180 917 3261 γινομένη
962 3175 1037 3242 κατὰ
1074 3178 1111 3241 τὸ
1157 3174 1230 3252 ἑξῆς
1273 3181 1396 3243 πόκνιυ·

171 3323 213 3376 μα
249 3293 265 3369 ῆ
298 3294 522 3380 ἐγκατάλειμμα
549 3301 605 3359 τοῦ
629 3291 778 3375 εἰδώλου,
802 3324 828 3359 κ.
852 3323 879 3358 τ.
903 3321 925 3358 ε.
970 3292 1023 3356 Ex
1045 3290 1134 3356 hisee
1157 3292 1264 3357 verbis
1286 3293 1397 3358 Viden·

172 3417 225 3475 tur
247 3411 357 3475 affines
380 3432 448 3476 esse
472 3411 648 3475 simulacris
672 3411 739 3475 sive
761 3411 964 3494 imaginibus.
1009 3410 1058 3474 Eo
1081 3410 1121 3474 ab
1143 3409 1195 3474 his
1214 3411 1396 3498 discrepant

173 3527 257 3612 qnod
279 3528 395 3613 partim
418 3528 524 3592 animo
549 3530 600 3616 (τῇ
623 3525 756 3614 διανοίη)
780 3528 897 3612 partim
919 3548 996 3592 vero
1019 3527 1164 3591 sensibus
1180 3528 1397 3614 accipiuntur,

174 3666 246 3709 cum
281 3646 450 3709 simulacra
481 3644 542 3709 hoc
576 3646 676 3709 altero
712 3645 778 3709 solo
800 3645 895 3709 modo
917 3644 959 3708 ad
980 3665 1038 3708 nos
1059 3645 1257 3730 perveniant.
1303 3647 1400 3712 Prae·

174 3767 263 3827 terea
285 3784 357 3826 oum
381 3763 549 3826 simulacra
572 3784 681 3826 reram
703 3768 828 3827 tantum
851 3763 915 3826 sint
936 3762 1109 3846 imagines,
1131 3761 1193 3826 hae
1216 3763 1314 3827 etiam
1335 3769 1400 3832 τῶν

175 3877 429 3966 συμβεβηκότων
451 3879 572 3944 formae
594 3880 808 3944 nominantur.
847 3879 940 3955 Quod
962 3900 1055 3965 porro
1078 3877 1237 3967 ἐπιβολήν
1260 3881 1400 3963 formem

209 4235 453 4301 dnhxm

208 4334 229 4398 ²)
262 4333 280 4382 l.
298 4333 315 4382 l.
333 4335 360 4384 ἐν
378 4336 466 4384 τοίνυν
490 4335 527 4398 τῷ
553 4337 648 4384 Κανόνι
671 4335 752 4398 λέγων
773 4332 842 4383 ἐστίν
864 4333 1045 4396 ὁἘπίκουρος
1067 4329 1183 4394 κριτήρια
1207 4333 1253 4390 τῆς
1279 4330 1401 4392 ἀληθείας

177 4427 243 4478 εἶναι
261 4431 306 4488 τὰς
324 4427 455 4488 αἰσθήσεις
472 4431 514 4478 καὶ
532 4427 673 4492 προλήψεις
689 4431 731 4479 παὶ
754 4431 786 4478 τὰ
801 4429 893 4488 πάθη,
910 4429 933 4477 οἱ
951 4427 971 4476 δ’
990 4427 1160 4490 Ἐπικούρειοι
1177 4428 1219 4476 καὶ
1239 4428 1285 4485 τὰς
1303 4437 1400 4492 φαντα·

177 4525 265 4581 στοιὰς
281 4523 406 4586 ἐπιβολὰς
424 4526 470 4583 τῆς
486 4522 606 4581 διανοίας.
625 4525 655 4571 34
673 4524 746 4583 πάθη
763 4522 788 4573 δὲ
806 4526 924 4589 λέγουσιν
936 4523 1000 4571 εἶναι
1012 4518 1072 4582 δύο,
1092 4519 1187 4580 ῆδονῆν
1199 4524 1241 4570 καί
1254 4519 1400 4586 ἀλγηδόνα,

178 4619 300 4684 ἱστάμενα
318 4621 374 4683 περὶ
392 4624 446 4668 πᾶν
464 4620 539 4682 ζῷον.
