3196 5160
731 13 793 74 140

153 211 239 291 ,sine
262 211 351 275 voltu
373 231 468 275 caeca
490 217 634 298 reperto,
669 213 839 298 vinctaque
863 213 1081 276 membrorum
1104 232 1162 304 per
1183 217 1289 275 totum
1310 231 1377 275 ccr-

153 348 231 412 ,pus
264 326 426 411 adhaesu,
461 349 520 393 nec
550 330 653 393 facere
676 335 712 393 ut
735 335 865 415 possent
887 330 1058 415 quicquam
1080 349 1140 394 neo
1162 328 1278 393 cedere
1301 350 1379 415 quo·

153 465 267 530 ,quam
289 466 348 510 nec
371 446 472 510 vitare
495 447 614 510 malum
637 468 696 511 neo
720 468 844 511 sumere
868 447 952 532 quod
976 447 1057 511 foret
1080 467 1165 510 usus.
1198 445 1318 512 Cetera
1339 445 1380 510 de

154 580 290 644 „genere
313 561 373 626 hoc
395 569 536 628 monstra
557 586 594 629 ac
616 570 764 649 portenta
787 565 932 646 creabat,
966 585 1006 627 ue
1030 563 1202 650 quiquam,
1226 562 1380 649 quoniam

155 684 288 759 ,natura
318 680 490 745 absterruit
513 688 664 764 auctum,
698 703 757 745 nec
780 688 913 767 potuere
938 682 1083 767 cupitum
1105 681 1221 745 aetatis
1244 687 1380 765 tangere

154 796 282 876 ,florem
316 818 374 861 nec
407 799 547 884 reperire
582 799 688 863 cibum
718 820 777 862 nec
799 800 890 883 iungi
912 821 970 885 pcr
994 799 1132 863 Veneris
1154 803 1237 864 res.”
1285 798 1378 864 Haec

149 919 291 978 monstra
323 922 397 978 sunt
430 916 520 1001 quasi
554 922 686 980 conatus
717 917 878 980 creatricis
901 923 1052 998 naturae,
1085 922 1218 980 conatus
1240 915 1298 1002 qui
1321 915 1379 980 im·

150 1030 283 1116 perfecti
317 1039 407 1096 erant
442 1038 474 1096 et
504 1033 586 1097 hanc
609 1033 649 1096 ob
672 1054 740 1097 rem
762 1034 894 1097 interire
918 1032 1087 1098 debebant.
1134 1033 1181 1097 Ut
1203 1033 1305 1098 atomi
1330 1054 1379 1097 ca·

151 1147 262 1212 dentes
285 1170 348 1213 nou
371 1149 480 1213 statim
502 1149 543 1213 ad
565 1149 650 1215 hunc
672 1150 826 1214 mundum
843 1149 1046 1215 efficiendum
1062 1151 1303 1232 confluxerrmt,
1323 1149 1382 1214 sed

149 1272 221 1351 post
252 1264 436 1330 innumeros
469 1287 655 1350 congressus
690 1267 817 1331 demum
852 1267 1007 1331 eiusmodi
1042 1266 1171 1331 tandem
1194 1267 1382 1353 complexio

151 1388 220 1447 orta
256 1390 326 1466 est,
365 1405 448 1470 quae
487 1384 684 1470 aliquamdiu
722 1384 835 1448 durare
869 1391 995 1469 poterat
1030 1390 1062 1449 et
1096 1391 1201 1449 motus
1231 1384 1316 1449 inire
1339 1384 1384 1449 ed

150 1500 257 1564 omnia
290 1501 427 1564 creanda
460 1507 550 1586 aptos
569 1503 610 1582 ¹),
647 1501 691 1564 sic
725 1501 794 1586 ipse
824 1500 877 1564 hio
899 1501 1038 1565 mundus
1060 1523 1124 1566 non
1147 1501 1255 1565 statim
1280 1522 1385 1588 opera

151 1615 292 1702 perfecta
326 1622 358 1680 et
381 1617 527 1681 absoluta
548 1617 633 1700 fecit,
646 1616 702 1680 sed
718 1616 856 1703 primum
873 1617 964 1703 quasi
978 1617 1086 1681 inania
1099 1617 1176 1681 fecit
1188 1617 1383 1681 tentamina

154 1733 277 1813 ,Multa
309 1733 455 1797 ridemus
489 1733 575 1798 enim
608 1734 703 1797 rebus
727 1754 914 1798 concurrere
938 1733 1077 1817 debere,
1112 1740 1147 1798 ut
1170 1734 1385 1820 propagando

155 1851 295 1935 ,possint
317 1850 491 1937 procudere
518 1851 642 1915 saecla’'
667 1853 764 1933 (849).
810 1850 896 1915 Oave
919 1857 1026 1915 tamen
1049 1872 1090 1915 ne
1112 1857 1206 1938 putes
1227 1856 1385 1916 natrrrcm

151 1974 292 2033 monstra
324 1969 522 2055 potuissem
547 1968 866 2054 lucemprodereut
890 1969 1086 2050 Centauros,
1122 1968 1267 2054 Scyllas,
1304 1968 1385 2034 ohi-

150 2106 301 2150 maeram.
346 2086 429 2150 Nam
457 2106 539 2172 quae
562 2086 666 2171 prima
688 2085 764 2149 fecit
787 2092 878 2150 erant
899 2086 1104 2171 imperfecta,
1137 2106 1242 2171 neque
1267 2091 1384 2151 tamen

151 2202 254 2267 mixta
269 2223 287 2266 e
303 2203 454 2267 membris
462 2204 602 2288 plurium
619 2203 821 2286 animalium,
845 2203 929 2290 quod
942 2203 1058 2267 rationi
1077 2208 1244 2289 repugnat.
1273 2203 1384 2285 ,Nam

155 2321 256 2406 ,quod
290 2320 393 2385 multa
421 2320 510 2384 fuere
540 2321 573 2384 iu
596 2321 688 2384 terris
710 2321 832 2385 semina
854 2341 961 2384 rerum
984 2326 1127 2405 tempore
1151 2342 1213 2407 quo
1235 2320 1383 2406 primum

155 2440 268 2521 „tellus
290 2439 441 2504 animalia
463 2439 566 2522 fudit,
592 2440 638 2502 nil
660 2444 768 2503 tamen
791 2444 839 2502 est
862 2438 944 2522 signi
967 2438 1087 2502 mixtas
1110 2437 1251 2523 potuisse
1274 2437 1382 2503 creari

154 2556 257 2639 ,inter
289 2578 323 2621 se
346 2557 486 2642 pecudes
510 2563 737 2643 compactaque
759 2556 903 2620 membra
925 2553 1144 2619 animantum”
1160 2555 1196 2637 2).
1239 2554 1383 2621 Praeter

151 2671 231 2740 haec
261 2680 402 2738 monstra
430 2697 468 2740 ac
500 2680 670 2760 portenta,
705 2695 786 2760 quae
816 2672 954 2737 mundus
990 2671 1138 2753 „creabat
1160 2691 1200 2734 ne
1222 2671 1381 2758 quiquam

150 2791 300 2877 quoniam
322 2798 436 2856 natura
457 2791 629 2856 absterruit
652 2791 825 2872 auctum”,
847 2789 950 2853 multa
972 2788 1036 2852 alia
1055 2788 1241 2854 animalium
1256 2808 1382 2873 genera

151 2929 276 2994 quoque
303 2909 493 2973 interierunt
514 2930 573 2974 nec
587 2914 760 2994 potuerunt
787 2905 1012 2993 ,propagando
1028 2905 1203 2991 procudere
1218 2905 1380 2991 prolem.”

194 3024 326 3108 Omnia,
345 3046 427 3111 quae
442 3025 476 3088 iu
488 3025 574 3089 vitae
587 3025 770 3088 discrimine
787 3024 858 3089 dolo
871 3029 926 3088 aut
938 3023 1057 3087 virtute
1070 3027 1126 3086 aut
1138 3021 1306 3086 celeritate
1322 3029 1380 3088 aut

150 3142 263 3207 robore
285 3148 342 3208 aut
364 3142 476 3229 quovis
498 3143 591 3207 modo
607 3164 671 3207 nou
687 3147 834 3228 poterant
849 3141 949 3205 vitam
965 3138 1158 3222 defendere,
1181 3139 1379 3207 interibant:

151 3262 313 3344 nonnulla,
325 3261 386 3326 etsi
398 3260 448 3325 his
460 3261 606 3325 omuibus
622 3266 742 3343 carent,
751 3260 791 3323 ab
807 3258 989 3324 hominibus
1001 3257 1148 3322 utilitatis
1160 3279 1257 3322 causa
1267 3264 1380 3324 tamen

182 3585 203 3649 1)
238 3584 268 3633 V.
288 3585 333 3637 187
342 3601 348 3633 :
394 3600 501 3648 namque
517 3583 553 3633 ita
569 3582 648 3632 multa
664 3582 743 3632 modis
759 3580 853 3630 multus
870 3579 1003 3644 primordia
1019 3595 1101 3629 rerum

394 3693 426 3728 ex
442 3676 540 3726 infinito
556 3676 606 3726 iam
622 3683 731 3739 tempore
747 3674 842 3738 percita
858 3673 938 3738 plagis

392 3771 589 3837 ponderibusque
605 3771 657 3822 suis
674 3775 824 3821 consuerunt
840 3769 937 3820 concita
953 3768 1012 3819 ferri

391 3867 587 3932 omnimodisque
604 3868 668 3917 coire
684 3875 759 3931 atque
776 3865 859 3915 omnia
874 3869 1054 3928 pertemptare,

392 3978 562 4028 quaecumque
578 3961 643 4011 inter
659 3976 685 4011 se
701 3964 802 4024 possent
818 3973 949 4022 congressa
965 3973 1063 4019 creare,

392 4063 422 4108 ut
437 4074 488 4109 non
504 4060 538 4108 sit
553 4057 657 4116 mirum,
675 4055 697 4106 si
712 4055 741 4104 in
755 4054 814 4105 talis
831 4052 993 4118 disposituras

393 4153 536 4204 deciderunt
551 4167 649 4218 quoque
664 4150 733 4201 etin
748 4148 806 4200 talis
821 4163 914 4199 venere
930 4151 1033 4208 meatus,

394 4248 509 4314 qualibus
525 4247 586 4297 haec
602 4262 684 4296 rerum
700 4244 794 4310 geritur
810 4259 877 4293 nunc
894 4258 990 4293 summa
1006 4243 1127 4293 novando.

184 4343 205 4409 ²)
239 4343 281 4394 Vs.
301 4344 436 4396 sss-aaa
