3196 5160
757 283 820 346 182

183 485 330 571 cognosci
352 490 478 572 potest,
509 486 536 550 si
558 485 716 572 quomodo
739 484 846 549 omnia
868 483 1051 548 exstiterint
1072 483 1216 569 inquiris.
1260 482 1350 568 Ergo
1371 482 1403 546 in

182 602 242 667 hoc
264 603 382 667 mundo
405 608 479 667 sunt
502 624 582 688 quae
608 602 755 684 „foedera
777 602 931 665 naturae''
956 600 1097 686 appellat
1111 600 1297 683 Lucretius,
1322 620 1403 686 quae

182 720 293 804 vigent
328 719 426 783 donec
456 740 507 783 res
529 720 563 783 in
586 741 658 783 suas
680 726 803 784 atomos
826 717 1059 800 dissolvantur,
1093 718 1127 780 in
1149 716 1260 781 mundi
1283 716 1403 780 confor-

182 838 321 902 matione
333 842 440 901 autem
453 837 607 901 eiusmodi
620 835 746 901 foedera
761 835 900 899 deerant.
917 835 1009 899 Haec
1023 835 1165 899 doctrina
1175 834 1403 920 Empedoclem

182 958 344 1018 auctorem
377 952 498 1016 habuit.
546 953 673 1034 ,inerat
709 952 814 1033 enim,
849 951 882 1013 in
913 951 990 1036 ipsis
1021 951 1186 1014 elementis
1208 950 1314 1015 vitalis
1337 949 1402 1032 vis,

182 1089 263 1156 quae
298 1074 410 1154 sponte
441 1090 498 1132 sua
531 1067 653 1151 effecit,
689 1074 724 1131 ut
754 1068 861 1131 variae
897 1067 1075 1131 animantes
1099 1067 1248 1153 variaque
1272 1087 1404 1152 corpora

183 1185 338 1271 principio
370 1185 584 1266 exsisterent,
618 1205 681 1247 non
713 1185 752 1247 ob
781 1184 953 1247 utilitatem
977 1184 1117 1269 aliquam
1139 1204 1198 1247 nec
1221 1188 1307 1247 certo
1331 1204 1403 1247 ocn-

183 1303 253 1366 silio
276 1302 403 1367 condita
426 1308 458 1366 et
479 1300 632 1384 formata,
662 1301 718 1365 sed
740 1302 824 1364 ultra
847 1323 883 1365 ac
906 1301 1045 1365 naturali
1068 1300 1206 1387 quodam
1227 1301 1404 1384 instinctu,

182 1419 289 1506 prouti
318 1419 425 1483 variae
449 1420 679 1483 elementorum
702 1425 809 1504 partes
832 1419 928 1483 variis
952 1419 1054 1482 modis
1076 1419 1159 1482 inter
1181 1439 1215 1482 se
1239 1439 1405 1482 concurre·

29 1598 32 1604 ,
182 1542 275 1621 rent,
310 1541 371 1614 ὅπη
395 1540 580 1623 συνέκυρσεν
604 1538 713 1602 ἕκαστα
731 1537 784 1613 ¹).”
830 1535 1000 1600 Lueretius
1031 1543 1138 1600 autem
1169 1536 1350 1599 distinctius
1373 1541 1406 1600 et
1502 1609 1504 1613 y

117 1707 119 1712 ,
184 1654 361 1719 accuratius
394 1674 465 1717 eam
496 1653 645 1738 exposuit
679 1654 716 1735 I,
754 1655 987 1736 1021-10343
1027 1653 1091 1736 IV,
1127 1655 1319 1737 822—8763
1355 1653 1405 1736 V,

111 1749 113 1753 Ι
186 1773 365 1836 rsa-925.
410 1770 489 1834 lude
523 1776 630 1834 tamen
663 1792 726 1834 non
755 1771 897 1856 sequitur
920 1792 993 1834 eum
1015 1791 1071 1834 suo
1086 1777 1195 1835 marte
1218 1771 1406 1857 Empedocli

185 1888 353 1952 studuisse.
399 1887 491 1963 Quod
512 1887 539 1951 si
561 1887 687 1951 fecisset
709 1887 825 1950 mirum
850 1892 933 1950 esset
956 1908 1030 1950 eum
1052 1909 1225 1973 numquam
1246 1888 1407 1974 Empedo-

185 2006 268 2070 clem
300 2010 462 2070 auctorem
497 2025 589 2068 suum
622 2003 789 2086 laudasse,
824 2005 1011 2090 praesertim
1046 2026 1118 2069 cum
1152 2011 1260 2069 tantae
1284 2011 1317 2069 et
1341 2012 1408 2069 tam

187 2143 299 2208 graves
334 2123 397 2186 sint
430 2127 536 2208 partes
566 2122 664 2186 totius
688 2122 866 2204 doctrinae,
902 2143 979 2208 quas
1000 2127 1165 2186 mutuatus
1187 2144 1256 2186 esse
1279 2122 1408 2187 dicitur.

186 2241 360 2304 Praeterea
387 2239 462 2326 quid
485 2241 597 2321 obstat,
621 2238 791 2325 quominus
814 2245 989 2302 statuamus
1016 2244 1143 2324 poetam
1166 2238 1344 2324 Epicurum
1359 2261 1408 2304 so-

186 2357 253 2420 lum
277 2362 422 2420 secutum
445 2377 532 2440 esse,
555 2356 606 2420 cui
629 2355 708 2420 haec
732 2355 875 2420 doctrina
896 2356 1051 2441 imprimis
1074 2362 1183 2420 contra
1197 2357 1409 2420 Aristotelem

188 2473 386 2538 defendenda
419 2475 514 2538 erat?
559 2461 642 2536 Eum
676 2472 709 2536 id
742 2494 854 2536 revera
875 2472 987 2536 fecisse
1010 2473 1102 2537 facile
1125 2473 1214 2537 vides
1237 2495 1280 2537 ex
1301 2474 1344 2538 D.
1368 2475 1408 2538 L.

186 2591 239 2673 X,
276 2594 333 2655 75:
368 2590 454 2657 ἀλλὰ
488 2594 550 2675 μὴν
573 2591 773 2668 ὑποληπτέον
796 2595 844 2656 καὶ
868 2593 925 2666 τὴν
949 2594 1042 2676 φύσιν
1065 2590 1175 2656 πολλὰ
1199 2596 1247 2657 καὶ
1270 2603 1409 2659 παντοῖα

188 2707 249 2771 ὑπὸ
284 2710 348 2772 τῶν
381 2707 485 2772 αὐτῶν
507 2708 701 2792 πραγμάτων
724 2703 912 2791 διδαχθῆναί
934 2712 1035 2771 τεκαὶ
1059 2708 1294 2793 ἀναγκασθῆναι
1318 2727 1327 2743 ·
1351 2710 1411 2774 τὸν

189 2819 220 2887 δὲ
242 2820 401 2907 λογισμὸν
423 2824 460 2888 τὰ
484 2824 545 2887 ὑπὸ
568 2825 682 2901 ταύτης
705 2825 963 2906 παρεγγυηθέντα
986 2826 1033 2887 καὶ
1058 2823 1190 2908 ὕστερον
1213 2822 1412 2908 ἐπακριβοῦν

189 2942 236 3003 καὶ
272 2938 558 3026 προςεΕευρίσκαν,
594 2944 668 3002 cett.
714 2939 779 3003 Our
811 2939 910 3022 igitur
938 2939 1128 3025 discipulum
1149 2939 1277 3004 aliunde
1299 2961 1413 3027 sump-

189 3054 266 3118 sisse
289 3054 373 3140 quod
394 3057 462 3141 ipse
484 3056 637 3140 magister
660 3055 689 3119 ei
712 3055 860 3139 afferret,
883 3058 1040 3142 putares?

232 3172 399 3253 Hactenus
431 3173 469 3236 de
499 3174 538 3236 iis
568 3194 649 3259 quae
672 3195 723 3256 re,
748 3195 812 3237 non
835 3173 935 3237 forma
957 3174 1126 3237 Lucretius
1149 3196 1191 3239 ex
1213 3173 1415 3259 Empedoele

189 3289 361 3375 sumpsisse
396 3290 520 3353 dieitur.
565 3290 637 3354 Hoc
661 3291 788 3376 quidem
812 3312 975 3376 speramus
998 3291 1064 3354 fore
1087 3297 1123 3354 ut
1145 3291 1259 3377 cuique
1281 3298 1417 3377 pateat,

192 3406 276 3493 quod
298 3407 338 3471 ad
361 3407 462 3492 ipsam
486 3407 718 3493 philosophiam
736 3408 916 3494 pertineat,
939 3409 1020 3471 nihil
1034 3415 1162 3494 poetam
1177 3408 1218 3472 ad
1234 3409 1419 3474 doctrinam

189 3523 321 3609 Epicuri
343 3525 501 3589 addidisse
525 3527 578 3589 vel
601 3526 633 3588 in
649 3547 687 3589 ea
702 3532 842 3590 mutasse
859 3532 891 3589 et
906 3547 986 3612 quae
1003 3526 1136 3590 aliorum
1149 3525 1420 3611 philosophorum

188 3641 306 3726 placita
322 3641 449 3725 afferat,
473 3664 515 3706 ex
538 3643 638 3728 ipsius
661 3643 793 3728 Epicuri
816 3663 934 3726 magna
956 3643 1047 3727 copia
1070 3643 1258 3728 scriptorum
1279 3664 1317 3706 ea
1334 3643 1420 3710 hau-

188 3757 244 3820 riri
273 3759 423 3843 potuisse.
469 3759 560 3833 Quod
591 3761 617 3823 si
651 3766 795 3843 constat,
829 3761 976 3823 nolumus
1000 3766 1106 3825 tamen
1128 3781 1245 3845 negare
1268 3762 1375 3827 multa
1399 3785 1420 3828 e

191 3873 322 3939 Graecis
355 3876 458 3962 poetis
481 3882 606 3963 sumpta
628 3898 697 3941 esse
720 3877 760 3941 ad
783 3898 911 3941 carmen
934 3877 1172 3960 exornandum,
1196 3876 1236 3941 ad
1259 3879 1421 3946 orationis

189 3991 311 4056 lumina
334 3993 515 4077 afferenda,
539 4015 620 4080 quae
643 4001 751 4058 tamen
773 3994 825 4057 hic
848 3993 940 4057 nobis
962 4015 1026 4058 non
1050 4000 1124 4058 sunt
1146 3995 1367 4061 enumeranda
1380 3995 1420 4076 ²).

189 4109 296 4175 Etiam
330 4113 516 4198 Empedocli
547 4113 702 4177 eiusmodi
736 4134 838 4198 pauca
872 4118 1001 4198 poetam
1030 4112 1166 4195 debere,
1199 4113 1260 4177 etsi
1284 4112 1421 4180 difficile

194 4307 374 4319 -———-

223 4431 241 4492 ¹)
276 4433 399 4494 Karsten,
416 4450 472 4498 pag.
491 4434 545 4484 413.
564 4436 595 4485 cf.
614 4438 668 4485 359.
702 4435 788 4499 Lange
805 4435 833 4496 Ι,
850 4451 875 4498 p.
894 4437 940 4495 24,
960 4435 1014 4485 107.

221 4530 241 4592 ²)
278 4529 315 4580 of.
333 4529 434 4579 Munroi
450 4528 597 4592 editionem,
615 4530 659 4597 qui
675 4534 788 4581 accurate
804 4545 845 4580 eos
861 4529 927 4581 locos
945 4527 1052 4579 contulit
1068 4533 1093 4578 et
1104 4527 1252 4589 Reisaclrer,
1271 4526 1298 4576 in
1310 4528 1421 4587 Quaest.

191 4624 290 4676 Lucret.
