3196 5160
791 309 850 371 181

192 483 300 542 autem
333 480 501 544 Lueretius
523 481 673 544 iuducere
696 503 759 545 non
781 486 905 567 potest,
938 480 1024 567 apud
1046 501 1119 544 eum
1142 479 1316 543 seeundum
1339 498 1408 562 gra·

192 596 300 659 vitatis
329 598 484 661 rationem
507 598 649 661 eiusdem
672 599 798 682 generis
822 598 917 662 atomi
941 599 1122 680 confluunt,
1146 603 1182 660 ut
1205 597 1322 684 pagina
1347 598 1408 659 114

193 711 397 776 ostendimus.
444 714 580 778 Omnino
613 715 711 798 igitur
733 736 843 778 versus
865 715 986 778 laudati
1010 715 1189 800 discrepant
1211 735 1245 777 re
1268 718 1301 776 91
1324 712 1408 777 simi-

193 832 292 895 litudo
315 833 433 896 19111199
457 840 504 897 991
526 834 664 897 fortuita.
701 834 758 898 Vs.
783 836 845 898 378
869 855 954 920 seqq.
978 834 1075 897 etiam
1096 834 1200 897 minus
1224 838 1297 895 sunt
1319 831 1408 917 apti,

191 949 246 1034 qui
276 949 496 1033 conferantur,
531 973 603 1014 eum
625 951 666 1016 ad
698 950 874 1015 doctrinam
904 950 943 1014 de
966 972 1072 1014 rerum
1096 950 1275 1034 cognitione
1298 947 1408 1012 referri

191 1064 347 1130 debeant:
369 1071 444 1153 γαίῃ
465 1070 605 1153 μὲνγὰρ
629 1080 724 1153 γαῖαν
747 1069 990 1150 ὀπώπαμεν,
1016 1065 1103 1134 ὕδατι
1129 1066 1154 1134 δ’
1181 1065 1265 1152 ὕδωρ
1290 1071 1365 1130 cett.

234 1183 378 1248 Ritterus
401 1184 468 1268 IV,
497 1205 570 1270 pag.
595 1187 637 1248 98
661 1190 769 1248 censet
792 1185 978 1249 Lucretium
1001 1184 1205 1270 Empedoclis
1228 1183 1317 1270 sequi
1339 1203 1409 1247 sen·

190 1301 323 1364 tentiam
354 1301 402 1385 V,
433 1304 494 1365 837
519 1323 604 1388 seqq.
628 1308 810 1367 narrantem
834 1304 889 1388 qui
910 1301 1061 1366 animalia
1082 1301 1186 1387 prima
1207 1307 1283 1365 nata
1305 1301 1408 1364 sinte

189 1426 295 1501 terra,
329 1419 485 1504 imprimis
519 1427 626 1485 autem
656 1426 797 1484 monstra
828 1425 860 1484 91
882 1426 1039 1506 portenta.
1086 1418 1150 1483 Sed
1171 1439 1244 1506 pag.
1270 1421 1329 1482 141
1356 1417 1408 1482 de·

188 1537 433 1601 monstravimus
466 1537 550 1602 huno
584 1539 688 1602 locum
723 1539 841 1624 optime
872 1559 945 1602 oum
967 1537 1100 1623 Epicuri
1121 1537 1226 1601 verbis
1248 1537 1282 1600 in
1305 1536 1407 1623 Epist.

189 1653 229 1717 ad
263 1652 383 1717 Herod.
417 1657 477 1737 75,
511 1655 689 1718 convenire.
737 1654 856 1729 Quodsi
890 1655 924 1718 in
955 1655 1046 1719 brevi
1079 1653 1138 1719 hac
1169 1654 1304 1740 epistola
1325 1653 1408 1718 hanc

188 1792 257 1835 rem
289 1770 354 1835 iarn
382 1772 489 1856 attigit
512 1777 543 1835 91
566 1772 758 1857 principium
781 1778 914 1836 naturae
936 1772 970 1835 in
993 1772 1103 1858 primis
1126 1771 1315 1836 animalibus
1336 1792 1408 1857 pro·

189 1887 332 1952 oroandis
366 1887 543 1951 adhibitum
579 1889 748 1974 exposuit,
782 1910 847 1952 11911
871 1888 1002 1952 dubium
1025 1894 1074 1952 est
1102 1909 1175 1952 eum
1198 1888 1232 1950 in
1253 1887 1343 1951 libris
1366 1889 1405 1951 37

189 2009 258 2090 περὶ
286 2008 408 2090 φύσεως
438 2005 573 2090 amplius
597 2004 635 2068 de
658 2003 718 2069 hoo
741 2004 809 2068 loco
833 2006 1019 2090 exposuisse
1042 2009 1075 2067 et
1097 2004 1283 2068 Lucretium
1306 2003 1408 2067 exiis

187 2121 350 2206 hausisse,
384 2123 571 2208 praesertim
594 2146 670 2188 911111
692 2145 797 2210 neque
821 2126 882 2188 837
907 2145 1016 2210 seqq.,
1040 2123 1096 2186 ubi
1118 2143 1191 2187 cum
1213 2121 1408 2207 Empedocle

188 2241 351 2324 congruit,
389 2262 493 2328 neque
534 2243 596 2304 878
632 2262 744 2327 seqq.,
778 2241 833 2305 ubi
869 2262 942 2305 eum
966 2245 1150 2327 oppugnat,
1185 2261 1259 2303 eum
1279 2239 1408 2303 nomine

187 2357 345 2422 indicarit.

230 2475 345 2539 Merito
378 2475 520 2560 Longius
539 2477 557 2560 ¹)
591 2476 702 2541 laudat
736 2477 851 2540 elatam
875 2475 1101 2559 cogitationem
1124 2496 1253 2558 eorum,
1284 2473 1338 2560 qui
1360 2478 1407 2538 tc-

188 2598 256 2655 tum
286 2592 440 2656 mundum
480 2593 670 2679 omniaque,
709 2615 791 2680 quae
814 2593 975 2676 eontinet,
1010 2593 1156 2657 omnibus
1183 2592 1286 2657 causis
1307 2591 1408 2656 finali·

186 2710 265 2793 bus,
300 2730 381 2795 quae
404 2709 567 2793 dicuntur,
600 2710 749 2793 omissis,
778 2732 820 2774 ex
842 2717 1022 2774 atomorum
1044 2711 1111 2774 solo
1133 2715 1223 2773 motu
1245 2709 1406 2795 explicare

188 2831 363 2910 conantur,
397 2831 433 2890 ut
459 2827 691 2912 Empedocles,
727 2826 906 2912 Epicurus,
930 2827 1099 2891 Lucretius
1121 2826 1274 2890 fecerunt.
1320 2825 1406 2890 Oave

187 2949 295 3008 tamen
332 2964 372 3007 119
402 2965 477 3006 casu
511 2949 543 3006 91
565 2943 644 3006 19119
667 2943 795 3008 fortuna
816 2950 938 3008 atomos
962 2965 1015 3008 eas
1039 2944 1277 3030 complexiones
1299 2943 1407 3007 iniisse

187 3066 298 3146 putes,
332 3060 359 3123 si
386 3059 513 3146 quidem
536 3060 701 3144 vulgarem
724 3082 851 3125 sensum
874 3061 913 3124 iis
936 3061 1099 3125 vocabulis
1121 3060 1278 3124 attribuis.
1323 3060 1407 3123 Nam

188 3177 247 3241 hoc
281 3182 405 3241 tantum
440 3198 514 3240 casu
548 3176 666 3241 factum
702 3184 770 3261 est,
804 3184 840 3242 ut
861 3199 968 3242 rerum
990 3177 1163 3264 primordia
1184 3178 1305 3242 incerto
1328 3181 1407 3240 tem-

187 3315 263 3379 pore
299 3294 491 3380 incertisque
524 3294 586 3358 loci
617 3295 727 3379 spatiis
762 3317 781 3359 a
814 3301 902 3360 recta
937 3296 1023 3360 linea
1046 3296 1221 3360 declinasse
1245 3293 1407 3379 coeperint

187 3412 294 3497 itaque
316 3411 375 3475 1911
396 3411 525 3475 foedera
546 3414 701 3497 ruperint.
740 3413 821 3477 Cum
844 3419 952 3477 autem
977 3415 1076 3478 semel
1098 3413 1144 3476 ita
1166 3433 1199 3476 se
1222 3416 1407 3494 moverent,

187 3535 223 3592 ut
257 3529 364 3593 collidi
397 3535 547 3614 possent,
582 3551 635 3594 eos
660 3551 848 3615 congressus
870 3531 1000 3594 tandem
1023 3529 1121 3594 atomi
1144 3534 1331 3593 connectere
1356 3527 1407 3591 de·

187 3645 346 3727 buerunt,
368 3645 482 3731 quibus
504 3644 556 3709 hic
578 3646 715 3711 mundus
738 3647 848 3731 viget,
873 3670 947 3711 nam
960 3647 1084 3710 infinito
1101 3646 1203 3732 spatio
1221 3645 1407 3731 infinitaque

186 3769 328 3849 tempore
352 3762 450 3826 semel
472 3763 593 3848 positis,
617 3785 743 3846 omnes,
767 3785 848 3850 quae
871 3764 1003 3848 cogitari
1026 3769 1179 3849 possunt,
1215 3761 1407 3847 complexio·

185 3900 242 3942 nes
275 3884 452 3943 atomorum
485 3899 596 3964 reapse
631 3879 700 3943 fieri
735 3879 860 3944 debent.
906 3880 953 3944 At
984 3881 1067 3944 inter
1089 3879 1146 3945 has
1169 3878 1406 3964 complexiones

188 3995 393 4081 „possibiles”
416 3994 495 4060 haec
517 4017 582 4059 una
604 4001 672 4079 991,
698 4019 780 4083 quae
802 3997 848 4061 ita
870 4003 993 4062 atomos
1018 3997 1146 4079 iunxit,
1170 4001 1206 4060 111
1228 4016 1336 4059 omnes
1355 4015 1407 4059 res

186 4133 357 4198 omnesque
379 4118 504 4195 motus,
541 4135 621 4199 quae
645 4114 678 4176 in
701 4113 761 4178 hac
784 4120 900 4178 natura
921 4115 1096 4197 miramur,
1125 4112 1248 4178 efficere
1272 4111 1405 4177 debeat:

182 4228 262 4293 haec
284 4229 384 4313 igitur
406 4229 575 4316 aliquando
598 4231 668 4294 fieri
697 4231 843 4296 debebat.
882 4232 972 4296 Idem
994 4231 1208 4318 principium,
1231 4228 1315 4315 quod
1337 4229 1406 4292 fieri

183 4347 299 4432 possit,
344 4346 378 4410 id
426 4368 538 4412 191919
578 4349 647 4414 fieri
693 4349 832 4433 debere,
878 4351 997 4438 ubique
1041 4370 1099 4436 per
1128 4354 1228 4412 totam
1258 4352 1404 4412 naturam

215 4640 236 4705 ¹)
269 4639 357 4693 each.
374 4641 416 4691 des
434 4640 520 4690 Mater.
537 4656 592 4705 pag.
612 4640 666 4694 107.
