3196 5160
777 301 818 364 88

182 501 242 566 hoc
272 501 465 588 principium
495 501 537 566 ad
566 508 667 567 totam
702 503 878 567 doctrinam
901 502 1053 568 adhibere
1077 505 1182 568 conati
1205 504 1278 568 sint.
1326 504 1412 578 Quo·

181 621 267 684 niam
297 627 405 684 autem
434 641 560 684 omnem
583 621 751 684 veritatem
774 621 807 683 in
830 641 980 684 sensuum
1003 622 1194 685 auctoritate
1219 622 1313 686 sitam
1339 643 1412 687 esse

182 737 414 823 opinabantur,
438 758 595 801 summum
619 736 759 800 studium
782 759 819 802 eo
843 740 1064 822 contulerunt,
1089 746 1124 803 ut
1142 740 1300 826 quomodo
1315 741 1413 804 homo

182 857 326 920 sensibus
348 856 512 942 percipere
534 856 702 919 veritatem
718 862 750 919 et
766 877 956 940 cognoscere
973 863 1080 942 posset
1096 858 1314 943 explicarent,
1338 880 1414 922 cum

183 995 292 1038 omnes
314 973 579 1038 Academicorum
602 973 798 1060 aliorumque
821 974 1083 1060 philosophorum
1105 975 1139 1038 in
1162 975 1328 1040 dialectiea
1343 983 1413 1040 arte

182 1092 393 1174 subtilitates,
417 1113 495 1177 quas
517 1112 621 1154 meras
643 1112 744 1174 nugas
766 1091 949 1173 habebant,
973 1098 1223 1156 contemnerent.

226 1209 319 1284 Quod
360 1230 454 1294 saepe
483 1209 517 1272 iu
551 1229 664 1292 graves
697 1208 877 1273 inciderunt
912 1230 1034 1274 errores
1069 1211 1199 1274 minime
1232 1211 1412 1275 miramur:

187 1333 314 1410 eontra,
337 1327 453 1390 mirum
475 1326 586 1390 fuisset
609 1327 636 1389 si
659 1347 697 1390 eo
721 1332 864 1412 tempore
887 1327 951 1391 iam
975 1329 1081 1393 omnia
1103 1328 1349 1413 phaenomena,
1374 1329 1414 1394 de

183 1445 297 1532 quibus
326 1445 606 1529 investigationem
639 1445 864 1527 instituerunt,
898 1452 985 1510 recte
1021 1447 1245 1531 explicassent.
1293 1448 1414 1534 Neque

183 1564 253 1649 ipsa
286 1562 428 1626 doctrina
450 1568 539 1626 tanta
561 1561 655 1626 laude
679 1567 727 1625 est
755 1562 868 1646 digna,
892 1563 948 1625 sed
970 1563 1078 1648 potius
1100 1563 1161 1628 hoo
1184 1565 1268 1650 quod
1293 1565 1415 1651 ubique

183 1686 315 1745 naturae
351 1680 571 1766 phaenomena
601 1679 771 1763 diligenter
801 1679 1012 1744 observabant
1048 1701 1149 1766 eaque
1181 1702 1223 1745 ex
1247 1682 1415 1747 doctrinae

183 1798 349 1885 principiis
378 1797 538 1882 explicare
572 1797 677 1861 conati
700 1803 783 1860 sunt.
829 1796 1005 1860 Maximam
1027 1803 1136 1861 autem
1159 1819 1290 1884 operam
1317 1800 1415 1865 dede·

185 1923 274 1998 runt,
297 1921 333 1978 ut
355 1915 459 1978 visum
482 1915 689 2000 explicarent.
718 1913 859 1993 Eorum,
882 1915 936 1999 qui
961 1915 1065 1978 lucem
1088 1936 1131 1979 ex
1153 1916 1292 1981 hominis
1314 1919 1418 1982 oculis

191 2032 311 2098 effundi
340 2033 374 2095 in
403 2053 454 2096 res
485 2031 696 2118 opinabantur
712 2031 751 2115 ¹),
783 2038 965 2117 contempta
988 2032 1150 2117 doctrina,
1181 2036 1316 2099 aliorum
1340 2058 1418 2122 qua·

189 2156 262 2215 tuor
289 2171 439 2214 sensuum
462 2150 563 2213 secuti
586 2150 770 2235 exemplum
783 2146 823 2232 ²),
859 2150 1058 2215 extrinsecus
1080 2173 1137 2215 uos
1160 2149 1305 2238 a'ccipere
1330 2154 1419 2239 quod

187 2267 275 2331 visus
299 2287 427 2330 sensum
449 2271 597 2349 moveat,
622 2265 788 2330 docebant.

231 2393 287 2451 Δεῖ
311 2382 342 2451 δὲ
365 2390 413 2451 καὶ
439 2385 600 2472 νομίζειν,
623 2384 668 2448 air
691 2383 850 2468 Epicurus
863 2388 908 2467 ³),
937 2385 1128 2471 ἐπεισιόντος
1151 2387 1239 2461 τινὸς
1262 2385 1327 2451 ἀπὸ
1351 2392 1419 2453 τῶν

185 2500 325 2585 ἔξωθεν,
358 2501 415 2582 τὰς
448 2500 573 2588 μορφὰς
601 2505 680 2587 ὁρᾶν
704 2504 856 2582 ἡμᾶςκαὶ
881 2499 1093 2568 διανοεῖσθαιτ
1130 2500 1190 2566 hoc
1214 2507 1323 2566 autem
1346 2504 1419 2567 fieri

188 2642 252 2685 nou
267 2626 371 2707 potest
386 2620 448 2683 nisi
463 2620 655 2704 imaginibus
670 2618 877 2705 quibusdam,
901 2639 983 2704 quae
1000 2618 1128 2682 easdem
1142 2618 1282 2683 habeant
1297 2621 1419 2685 formas

189 2739 380 2824 eosdemque
415 2739 535 2802 colores
569 2743 664 2823 atque
698 2758 749 2801 res
776 2737 860 2801 unde
884 2738 1065 2801 demanant.
1112 2738 1193 2802 (lum
1216 2739 1419 2803 intenebris

188 2878 256 2921 rem
279 2857 437 2943 quandam
459 2856 642 2940 tangimus,
666 2855 742 2920 dicit
764 2861 859 2941 poeta
881 2855 1059 2940 interpres,
1094 2856 1314 2939 cognoscimus
1339 2877 1418 2920 ean-

150 2996 152 3001 ·
191 2975 263 3039 dem
286 2996 357 3039 eam
379 2973 498 3038 habere
521 2974 672 3056 formam,
702 2994 784 3059 quae
807 2973 933 3037 videtur
955 2973 989 3035 in
1011 2973 1101 3036 luce:
1137 2973 1293 3037 consimili
1317 2973 1421 3059 igitur

191 3114 286 3158 eausa
308 3097 412 3157 tactus
434 3097 530 3177 atque
552 3089 640 3155 visus
663 3089 852 3154 afficiuntur.

233 3209 264 3272 N
267 3230 308 3272 on
341 3223 510 3294 possumus·
537 3228 613 3291 ergo
646 3207 708 3270 nisi
742 3205 919 3270 simulacris
949 3227 968 3269 a
1001 3204 1097 3268 rebus
1123 3205 1273 3291 profectis
1296 3207 1421 3272 videre.

192 3327 298 3401 Quum
314 3332 421 3389 autem
436 3325 535 3389 oculis
549 3325 712 3408 videmus,
735 3324 891 3408 imagines
908 3328 1034 3386 tantum
1051 3323 1216 3408 percipere
1232 3344 1422 3408 possumus,

192 3445 219 3509 si
253 3444 361 3508 oculos
390 3443 545 3506 vertimus
578 3442 618 3506 ad
641 3462 679 3505 ea
702 3463 849 3526 corpora,
884 3440 970 3504 unde
995 3439 1158 3525 profectae
1181 3446 1255 3503 sunt
1277 3440 1423 3528 undique

192 3561 226 3624 in
257 3581 367 3624 omnes
389 3564 506 3645 partes.
550 3558 744 3622 Distantiam
766 3577 861 3643 porro
883 3577 991 3620 rerum
1016 3576 1206 3639 cognoscere
1230 3578 1440 3642 possumus„

193 3680 267 3766 quia
289 3679 364 3742 illae
387 3678 558 3761 imagines,
582 3698 600 3740 a
623 3675 806 3762 corporibus
828 3674 1007 3760 profectae,
1032 3694 1161 3756 aerem,
1186 3675 1241 3760 qui
1263 3681 1313 3737 est
1335 3677 1423 3740 inter

193 3819 325 3883 corpora
359 3802 391 3860 et
422 3796 528 3859 oculos
560 3800 703 3876 nostros,
734 3793 925 3879 protrudunt
954 3813 1056 3878 usque
1092 3791 1168 3855 dum
1191 3797 1340 3877 penetret
1363 3815 1422 3880 per

195 3920 318 3979 nostras
333 3914 433 3978 acies:
450 3934 512 4000 quo
528 3912 629 3996 magis
646 3912 764 3977 distant
779 3932 923 3996 corpora,
940 3931 976 3974 eo
996 3909 1140 3992 ,longior
1157 3910 1254 3973 aura”
1270 3912 1423 3996 propulsa

197 4101 367 4110 ...-----

228 4178 247 4241 ¹)
283 4177 315 4227 D.
333 4177 362 4227 L.
380 4176 414 4226 X.
432 4180 478 4238 49,
504 4177 534 4228 orl
561 4177 609 4240 γὰρ
632 4176 665 4224 ἂν
689 4175 937 4240 ἐναποσφραγίσαιτο
960 4177 992 4224 τὰ
1009 4174 1055 4228 ἔξω
1072 4177 1120 4233 τὴν
1136 4173 1234 4223 ἑαυτῶν
1251 4171 1327 4226 φύσιν
1343 4212 1423 4229 .....

195 4270 251 4322 οὐδὲ
269 4270 309 4320 διὰ
327 4276 377 4320 τῶν
394 4271 505 4320 ἀκτίνων
522 4268 704 4332 ἣοὶωνδὴτοτε
722 4268 853 4333 ρενμάτων
864 4268 906 4333 ἀφ’
921 4268 992 4332 ἡμῶν
1005 4273 1070 4333 πρὸς
1082 4266 1164 4317 ἐκεῖνα
1180 4268 1423 4331 παραγινομένων..

196 4366 235 4416 cf.
252 4366 319 4418 Plut.
334 4365 397 4428 plac.
415 4365 469 4425 IV,
488 4369 530 4425 13,
548 4367 591 4429 qui
607 4364 689 4413 inuria
705 4364 879 4426 Empedoclem
896 4365 960 4413 inter
977 4378 1019 4413 eos
1035 4366 1154 4412 numerat.
1174 4361 1250 4411 Arist.
1271 4363 1301 4411 ds
1313 4378 1388 4412 sensu
1400 4368 1424 4413 et

197 4459 325 4519 sensibili,
343 4475 395 4523 cap.
414 4463 436 4507 2.
454 4459 576 4522 Theophr.
594 4461 624 4509 de
642 4460 721 4509 Sensu
739 4462 760 4511 7.

232 4556 252 4619 ²)
288 4553 431 4604 Macrobius
450 4554 499 4606 Sat.
516 4554 586 4615 VII,
606 4559 651 4615 14,
669 4559 692 4606 5.
726 4555 825 4604 Lucret.
843 4554 888 4604 IV.
908 4556 961 4604 230.

191 4625 193 4630 ⁸
232 4651 251 4714 ι)
287 4649 319 4698 n.
338 4650 367 4698 L.
385 4650 418 4698 x.
435 4652 474 4697 49.
