3196 5160
774 297 816 359 46

184 501 290 565 omnia
322 499 543 585 phaenomena
576 520 618 562 ex
645 498 785 580 „caecis”
810 497 923 562 atomis
946 519 1119 584 earumque
1142 505 1232 564 motu
1256 499 1413 585 explicari

184 626 316 705 possunt
346 625 378 682 et
401 619 538 701 debent;
574 618 695 682 nullam
719 618 850 681 deorum
872 623 1064 703 potestatem
1086 618 1117 681 in
1143 616 1202 682 hac
1225 639 1333 683 rerum
1357 640 1413 682 na·

184 743 257 800 tura
290 742 439 820 agentem
474 735 629 799 videmus.
675 735 760 799 Oasu
788 741 820 797 et
849 733 978 798 fortuito
1008 755 1065 819 per
1092 741 1258 799 aeternum
1284 741 1413 822 tempus

185 860 257 939 post
310 860 462 917 sexcenta
509 853 598 916 milia
643 858 821 917 atomorum
863 852 1121 938 complexionum
1165 853 1294 918 tandem
1331 853 1413 918 haee

185 976 255 1034 orta
277 976 346 1053 est,
373 991 468 1056 quam
490 970 644 1033 mundum
667 991 825 1033 vocamus.
870 970 916 1034 At
939 970 1024 1057 quod
1047 971 1145 1034 semel
1168 992 1230 1034 uno
1254 970 1324 1035 loco
1346 969 1412 1035 fao-

185 1095 254 1151 tum
285 1095 351 1170 est,
384 1087 498 1150 iisdem
521 1087 624 1151 causis
647 1088 836 1171 agentibus,
871 1088 947 1152 alibi
971 1089 1041 1152 aliis
1064 1088 1261 1174 temporibus
1284 1109 1413 1175 quoque

185 1205 250 1270 fiet.
295 1207 379 1271 Nam
413 1206 551 1290 spatium
582 1212 630 1269 est
652 1205 828 1288 infinitum,
864 1205 981 1269 diversi
1003 1207 1129 1290 generis
1152 1213 1331 1270 atomorum
1352 1228 1413 1270 nu·

184 1345 291 1388 merus
314 1345 439 1410 quoque
462 1324 625 1405 infinitus,
657 1329 762 1387 motus
784 1329 962 1387 atomorum
989 1331 1037 1387 est
1052 1329 1194 1387 aeterua:
1219 1344 1314 1409 ergo,
1338 1345 1413 1388 cum

185 1442 316 1506 eaedem
340 1463 454 1505 causae
476 1447 594 1525 agant,
618 1462 682 1504 non
704 1440 756 1504 hic
779 1446 812 1504 et
834 1462 918 1504 nunc
934 1442 1036 1504 solum
1052 1448 1100 1505 est
1115 1441 1273 1524 mundus,
1297 1462 1413 1506 verum

184 1561 260 1624 alibi
290 1566 322 1624 et
351 1560 421 1625 aliis
444 1558 641 1644 temporibus
664 1580 789 1644 quoque
812 1559 963 1642 fuerunt,
988 1567 1082 1642 sunt,
1107 1567 1201 1624 erunt
1223 1560 1354 1642 mundi,
1378 1560 1412 1623 id

184 1683 232 1741 est
261 1698 448 1761 congressus
486 1683 679 1758 atomorum,
714 1677 768 1761 qui
791 1676 960 1762 aliquando
985 1677 1189 1760 oriebantur,
1213 1677 1413 1763 aliquamdiu

184 1794 316 1876 durant,
341 1794 477 1879 denique
501 1793 719 1856 dissolvuntur
743 1799 775 1857 et
797 1793 970 1856 intereunt.

228 1912 292 1976 Our
327 1911 423 1974 etiam
454 1910 622 1974 discrimen
646 1916 730 1973 esset
751 1909 836 1973 inter
858 1909 993 1973 mundos
1017 1915 1049 1974 et
1071 1910 1150 1973 alias
1172 1910 1310 1974 minores
1338 1931 1413 1993 res,

183 2051 261 2114 quas
298 2028 443 2092 similiter
476 2027 671 2112 multiplices
710 2048 797 2109 esse,
822 2027 913 2110 oriri,
938 2048 1023 2109 esse,
1053 2028 1185 2092 interire
1215 2028 1363 2092 videmus
1381 2028 1412 2111 ¹).

183 2147 275 2211 Haec
310 2147 335 2209 si
359 2166 528 2232 compones
552 2166 625 2208 cum
651 2145 783 2229 Epicuri
806 2145 911 2208 verbis
933 2146 973 2208 D.
998 2145 1036 2209 L.
1060 2145 1102 2208 X.
1127 2148 1178 2227 89,
1202 2145 1325 2210 videbis
1349 2145 1414 2209 Lu·

183 2264 317 2328 aretium
337 2264 420 2327 hano
443 2264 619 2327 doctrinam
637 2264 743 2326 minus
761 2263 887 2349 copiose
903 2263 1089 2348 exposuisse
1105 2285 1200 2349 quam
1215 2263 1411 2348 Epicurum:

183 2385 229 2446 ὅτι
253 2379 284 2447 δὲ
308 2387 356 2447 καὶ
379 2387 515 2446 τοιοῦτοι
543 2384 654 2462 κόσμοι
678 2365 756 2447 siolo
780 2380 899 2465 ἄπειροι
922 2384 958 2447 τὸ
973 2381 1101 2457 πλῆθος
1116 2383 1179 2447 ἔστι
1196 2380 1411 2466 καταλαβεῖν,

183 2503 231 2563 καὶ
266 2501 312 2562 ὅτι
347 2501 364 2562 ὁ
396 2505 540 2571 τοιοῦτος
576 2494 704 2562 δύναται
740 2499 860 2578 κόσμος
893 2500 1038 2581 γίνεσθαι
1066 2502 1113 2563 καὶ
1138 2500 1170 2562 ἐν
1192 2502 1411 2583 μετακοσμίῳ,

184 2615 201 2679 ὃ
235 2613 369 2699 λέγομεν
403 2611 516 2695 μεταξὺ
551 2615 677 2695 κόσμων
712 2611 883 2695 διάστημα,
908 2619 956 2679 καὶ
980 2620 1013 2679 ἒν
1042 2613 1206 2700 πολυκένῳ
1228 2617 1316 2699 τόπῳ
1341 2614 1412 2697 (ubi

182 2732 278 2795 atomi
301 2753 365 2795 non
390 2736 463 2795 sunt
490 2751 706 2814 compressae,
730 2731 776 2793 ita
798 2738 834 2794 ut
860 2732 961 2795 multa
987 2732 1057 2795 loca
1085 2732 1194 2796 inania
1207 2732 1410 2818 relinquant3

182 2848 378 2912 coniecturae
409 2848 566 2912 Gessendi
602 2855 730 2911 secutus
760 2870 848 2912 sum:
884 2848 952 2913 cod.
984 2849 1075 2912 Leid.
1100 2856 1148 2915 καὶ
1173 2853 1205 2914 ἐν
1228 2851 1336 2935 κόσμῳ
1359 2855 1409 2915 καὶ

181 2993 273 3047 μετακ
297 3015 377 3029 ....
401 2970 434 3032 ἐν
457 2966 585 3048 πολυκ.)
608 2971 655 3031 καὶ
680 2967 737 3031 οὐκ
760 2969 793 3031 ἐν
816 2965 943 3052 μεγάλῳ
957 2966 1113 3051 εἰλικρινεῖ
1129 2973 1177 3033 καὶ
1192 2972 1269 3052 κευῳ
1285 2966 1410 3048 (lectio-

182 3103 256 3145 nem
278 3081 421 3146 codioum
444 3082 596 3164 defend03
620 3082 674 3145 alii
698 3082 816 3168 ἆκένῳε
842 3103 906 3144 non
923 3082 1016 3146 oredo
1034 3104 1106 3146 cum
1120 3083 1251 3168 Epicuri
1264 3083 1410 3148 doctrina

183 3198 336 3262 eiusmodi
357 3220 474 3283 magna
496 3201 565 3263 loca
587 3199 696 3263 inania
719 3199 908 3262 convenire:
934 3207 1088 3284 perpetuo
1108 3201 1205 3264 atomi
1222 3206 1254 3264 et
1269 3222 1409 3264 vacuum

182 3314 355 3378 alternant:
387 3314 476 3398 largo
499 3315 554 3379 illo
578 3323 756 3379 atomorum
778 3315 876 3378 fluvio
899 3316 1032 3380 cadente
1054 3317 1126 3381 loca
1153 3339 1270 3402 magna
1297 3318 1409 3415 inania

181 3429 306 3494 admitti
348 3453 413 3494 non
455 3438 606 3516 possunt:
642 3432 762 3518 ubique
796 3440 868 3496 sunt
902 3434 1000 3497 atomi
1034 3441 1066 3498 et
1100 3457 1257 3519 vacuum,
1293 3436 1330 3500 cf.
1368 3438 1408 3520 I,

181 3567 227 3610 ve.
265 3549 346 3612 1008
378 3549 498 3633 seqq),
534 3547 672 3634 καθάπερ
707 3555 788 3624 τινές
811 3566 922 3636 φασιν,
953 3550 1131 3628 ἐπιτηδείων
1154 3559 1251 3619 τινῶν
1275 3554 1411 3641 σπερμά·

181 3693 244 3729 των
265 3661 405 3749 ῥυέντων
427 3664 480 3749 ἀφ’
504 3666 576 3738 ἑνὸς
598 3666 718 3746 κόσμου
741 3665 846 3748 (Lucr.
870 3666 896 3730 I.
923 3668 1015 3749 1042)
1040 3668 1058 3743 ἢ
1080 3674 1288 3750 μετακοσμίου
1315 3669 1334 3745 ἢ
1358 3676 1409 3736 καὶ

182 3781 245 3846 ἀπὸ
281 3780 441 3848 πλείονων
478 3779 553 3848 eard
589 3785 700 3868 μικρὸν
734 3787 919 3870 apogaeum
953 3813 985 3850 τε
1026 3791 1075 3851 καὶ
1106 3783 1313 3872 διαρθρώσεις
1344 3792 1409 3866 (καὶ

185 3961 378 3970 --·———--

215 4055 232 4114 1)
266 4055 338 4105 Lucr.
356 4056 384 4116 Ι,
405 4059 464 4105 1021
483 4073 550 4122 seqq.
568 4057 615 4118 ΙΙ,
636 4062 697 4108 1048
714 4075 780 4123 seqq.
800 4058 838 4111 of.
857 4060 890 4112 D.
907 4060 935 4110 L.
952 4060 994 4121 X,
1012 4063 1043 4110 45
1056 4097 1063 4122 ,
1076 4076 1139 4126 quae
1150 4061 1226 4111 verba
1236 4077 1336 4126 prorsus
1349 4078 1411 4114 oum

182 4147 293 4198 Lucretii
319 4151 459 4202 concinunt.
493 4152 639 4202 Aecuratius
669 4153 735 4203 stob.
759 4153 812 4204 Ecl.
839 4154 869 4216 I,
901 4157 964 4203 496:
1008 4156 1194 4220 Μητρόδωρος,
1218 4160 1230 4208 ὁ
1255 4161 1410 4224 καθηγητὴς

181 4245 348 4308 Ἐπικούρου,
378 4249 454 4311 φησὶν
484 4249 585 4299 ἄτοπον
612 4251 675 4299 εἶναι
700 4251 727 4300 ἐν
756 4251 860 4316 μεγάλῳ
881 4250 957 4315 πεδίῳ
979 4250 1023 4302 ’ἕνα
1045 4253 1146 4317 στάχυν
1169 4256 1344 4318 γεννηθῆναι,
1364 4261 1410 4308 καὶ

182 4335 228 4386 ἕνα
255 4338 349 4403 κόσμον
369 4341 396 4390 ἓν
417 4343 453 4404 τῷ
474 4342 576 4407 ἀπείρῳ.
604 4341 663 4392 Ὅτι
683 4342 707 4392 δὲ
727 4345 831 4408 ἄπειρος
853 4347 918 4395 κατὰ
940 4349 968 4397 τὸ
985 4347 1088 4407 πλῆθος
1106 4346 1187 4407 δῆλον
1206 4347 1232 4396 ἐκ
1253 4351 1297 4399 τοῦ
1311 4349 1410 4416 ἄπειρα

182 4437 215 4483 τὰ
240 4436 310 4484 αἴτια
336 4437 407 4484 εἶναι.
440 4437 469 4484 El
494 4439 542 4502 γὰρ
570 4438 583 4486 ὁ
603 4441 648 4502 μὲν
668 4439 761 4503 κόσμος
782 4446 986 4505 πεπερασμένος,
1004 4445 1035 4491 τὰ
1055 4442 1075 4492 δ’
1096 4447 1166 4493 αἴτια
1184 4444 1274 4499 πάντα
1292 4442 1408 4512 ἄπειρά,

183 4528 208 4582 ἐξ
226 4526 262 4578 ὧν
277 4527 317 4580 tte
336 4532 349 4579 ὁ
368 4532 459 4594 κόσμος
479 4530 594 4596 γέγονεν,
620 4532 722 4599 ἀνάγκη
742 4533 863 4599 ἀπείρους
883 4537 953 4585 εἶναι.
983 4532 1066 4586 Ὅπου
1086 4540 1136 4601 γὰρ
1157 4540 1190 4588 τὰ
1209 4541 1280 4590 αἴτια
1297 4538 1407 4606 πάντα,

183 4623 231 4672 ἐκεῖ
248 4626 291 4673 καὶ
308 4627 340 4675 τὰ
359 4624 564 4690 ἀποτελέσματα.
597 4628 672 4680 Aina
692 4629 716 4679 δὲ
737 4630 794 4691 ἤτοι
814 4632 840 4680 αἱ
855 4632 944 4695 ἄτομοι
964 4632 980 4693 ἦ
1001 4634 1032 4683 τὰ
1052 4637 1170 4698 στοιχεῖα.
