3196 5160
755 322 816 386 164

171 527 325 610 credunt,
358 525 463 610 ignari
494 525 569 611 quid
603 531 700 611 queat
734 546 820 608 esse,
855 525 932 612 quid
954 531 1110 611 nequeat,
1141 525 1233 589 finita
1255 528 1408 611 potestas

172 645 309 731 denique
343 645 458 731 cuique
481 666 618 730 quanam
641 644 682 706 sit
705 645 828 708 ratione
852 649 948 730 atque
972 645 1036 708 alte
1059 644 1215 708 terminus
1238 643 1406 708 haerens:

170 784 233 850 quo
269 762 372 847 magis
409 768 550 826 errantes
588 783 682 826 caeca
719 763 841 826 ratione
879 762 1045 826 feruntur'’
1063 761 1095 844 ¹).
1140 761 1307 826 Adversus
1341 759 1407 824 hos

171 882 405 966 omnipotentes
436 882 532 964 deos,
574 880 651 966 quid
684 881 770 943 valet
802 880 914 944 debilis
947 879 1059 963 homo,
1101 880 1290 965 praesentim
1326 901 1406 943 cum

174 999 233 1081 ,ob
267 998 439 1062 admissum
472 997 563 1061 foede
600 997 760 1060 dictumve
793 997 929 1081 superbe
953 1019 1128 1082 poenarum
1152 1018 1249 1081 grave
1272 997 1315 1060 sit
1338 997 1406 1060 sol-

64 1120 66 1124 ’
171 1116 267 1180 vendi
300 1117 447 1201 tempus'’
464 1115 489 1198 2)
514 1114 792 1199 exspectandum?
838 1115 890 1178 Sic
913 1115 1031 1200 ubique
1056 1136 1088 1178 se
1112 1137 1131 1178 a
1154 1114 1213 1178 diis
1236 1113 1406 1178 daemoni-

171 1234 310 1320 busque,
333 1235 388 1320 qui
411 1239 510 1297 totam
533 1234 631 1296 vitam
654 1239 769 1315 regant
793 1232 962 1319 omniaque
986 1232 1070 1296 facta
1086 1238 1239 1316 noscant,
1264 1232 1406 1296 circum·

172 1351 262 1415 datos
296 1350 429 1414 credunt
463 1350 619 1415 homines.
668 1350 799 1435 ,Usque
830 1350 910 1415 adeo
941 1371 991 1413 res
1022 1348 1178 1414 humanas
1209 1349 1257 1413 vis
1290 1348 1406 1413 abdita

172 1468 328 1554 quaedam
352 1468 490 1552 opterit,
522 1474 554 1530 et
576 1467 726 1553 pulchros
749 1468 842 1532 fascis
866 1488 1040 1553 saevasque
1064 1488 1190 1532 secures
1213 1467 1406 1552 proculcare

171 1608 208 1651 ac
230 1586 368 1650 ludibrio
392 1585 452 1649 sibi
474 1584 592 1648 habere
616 1584 763 1648 videtur'’
776 1585 812 1667 ³).
857 1585 971 1670 Neque
994 1584 1074 1649 haec
1097 1585 1183 1649 satis.
1215 1585 1250 1649 Si
1271 1589 1405 1649 tantum

172 1723 300 1788 sperare
334 1722 443 1787 posses
477 1708 509 1765 te
543 1707 621 1786 post>
649 1707 785 1764 mortem
819 1708 949 1765 aeterna
983 1702 1090 1786 quiete
1113 1702 1283 1765 fruiturum
1307 1722 1405 1785 esse,

171 1819 361 1904 tranquillus
396 1839 497 1900 esses,
533 1840 605 1881 curn
640 1839 767 1903 semper
800 1818 858 1881 tibi
881 1823 1022 1903 potestas
1045 1824 1149 1900 esset,
1179 1823 1316 1882 mortem
1339 1819 1406 1883 tibi

172 1935 413 2017 consciscendo,
449 1955 466 1998 e
503 1935 634 1998 deorum
666 1935 696 1997 vi
724 1941 756 1998 et
790 1941 948 2019 potestate
972 1941 1004 1999 te
1029 1935 1194 2021 eripiendi.
1240 1936 1305 2000 Sed
1326 1942 1407 2022 post

170 2058 306 2116 mortem
342 2072 462 2136 poenas
493 2051 562 2115 lues
585 2072 712 2133 eorum,
747 2072 828 2136 quae
851 2052 943 2116 vivus
967 2058 1076 2117 contra
1099 2052 1230 2116 deorum
1252 2052 1406 2119 volunta-

173 2175 238 2233 tem
269 2169 391 2233 feceris.
441 2169 495 2250 ,si
527 2175 645 2233 certam
668 2170 765 2233 finem
788 2190 856 2233 esse
879 2169 1027 2233 viderent
1049 2191 1273 2234 aerumnarum
1296 2170 1405 2235 homi·

174 2307 252 2369 nes,
288 2287 395 2373 aliqua
428 2287 551 2350 ratione
585 2288 729 2350 valerent
762 2286 969 2370 religionibus
1004 2293 1099 2372 atque
1125 2287 1221 2350 minis
1244 2288 1405 2354 obsistere

173 2409 303 2466 vatum:
339 2423 423 2465 nunc
453 2404 534 2466 ratio
569 2403 657 2466 nulla
688 2409 736 2466 est
758 2403 920 2484 restandi,
952 2403 1040 2466 nulla
1063 2402 1216 2483 facultas,
1251 2409 1404 2470 aeternas

173 2518 323 2604 quoniam
357 2539 477 2603 poenas
510 2519 544 2581 in
566 2524 668 2582 morte
692 2518 920 2581 timendumst''
939 2517 971 2600 4).
1016 2519 1130 2605 Itaque
1152 2519 1265 2603 religio
1289 2520 1404 2585 miser-

173 2637 269 2700 rimos
302 2635 447 2700 homines
477 2637 650 2700 reddebat:
690 2635 847 2717 ,humana
880 2641 954 2700 ante
991 2637 1098 2701 oculos
1119 2637 1211 2701 foede
1236 2658 1308 2701 cum
1332 2639 1404 2703 vita

173 2753 293 2816 iaceret
315 2753 349 2815 in
371 2753 464 2816 terris
488 2774 638 2838 oppressa
661 2753 750 2836 gravi
775 2753 833 2816 sub
856 2754 1028 2838 religione,
1052 2775 1133 2839 quae
1157 2759 1253 2839 caput
1276 2777 1295 2818 a
1317 2757 1408 2820 caeli

173 2870 356 2954 regionibus
381 2871 567 2934 ostendebat
581 2870 726 2934 horribili
743 2892 838 2956 super
853 2878 984 2956 aspectu
1000 2872 1186 2935 mortalibus
1200 2873 1345 2937 instans'’
1359 2875 1401 2958 ⁵),

173 2989 261 3052 nulla
283 3010 365 3073 pax,
388 2990 477 3053 nulla
497 2990 645 3074 voluptas
667 2990 858 3053 mortalibus
880 3012 1020 3076 unquam
1037 2990 1129 3054 datae
1146 2997 1246 3054 erant.
1280 2991 1402 3066 Paucis

173 3105 259 3169 idem
293 3106 439 3169 Velleius
474 3127 515 3169 ex
549 3106 680 3191 Epicuri
710 3113 818 3170 mente
842 3107 918 3170 dicit
941 3107 1026 3192 apud
1049 3107 1252 3171 Ciceronem:
1280 3109 1402 3195 ,impo-

174 3223 281 3287 suistis
303 3224 338 3286 in
361 3223 538 3286 cervicibus
561 3225 676 3287 nostris
699 3225 928 3309 sempiternum
952 3224 1136 3307 dominum,
1160 3246 1254 3311 quern
1281 3225 1351 3291 dies
1370 3233 1402 3292 et

173 3348 282 3406 noctes
317 3343 512 3405 timeremus.
559 3342 637 3436 Quis
672 3342 757 3405 enim
790 3365 854 3406 non
888 3344 1000 3407 timeat
1028 3344 1134 3407 omnia
1156 3343 1401 3430 providentem,

84 3527 86 3531 ,
175 3464 207 3522 11
237 3459 452 3542 cogitantem,
488 3465 520 3520 et
554 3458 884 3540 animadvertentem,
919 3465 952 3521 et
982 3460 1088 3523 omnia
1117 3460 1158 3524 ad
1180 3480 1214 3524 se
1236 3461 1402 3545 pertinere

173 3579 362 3659 putantem,
387 3574 545 3637 curiosum
570 3580 602 3637 et
625 3574 756 3658 plenum
779 3575 901 3658 negotii
924 3575 1030 3639 Deum
1041 3576 1075 3638 P’'
1089 3575 1124 3658 ὓ).

217 3689 303 3773 Ergo
326 3689 352 3753 si
375 3690 605 3776 tranquillitate
630 3696 662 3753 et
684 3691 850 3775 voluptate
873 3691 935 3754 frui
957 3692 1069 3756 volunt
1091 3692 1236 3756 homines
1258 3693 1406 3778 primum

175 3828 364 3892 cognoscere
396 3808 513 3871 debent
536 3829 608 3871 cum
631 3808 762 3872 deorum
789 3816 955 3890 naturam,
979 3817 1048 3874 tum
1071 3832 1133 3897 quo
1156 3811 1250 3875 modo
1274 3813 1432 3897 omnia‚·
1472 3853 1498 3860 s
1532 3860 1535 3864 .

175 3947 256 4011 quae
290 3926 384 4009 fiant,
418 3927 556 3990 naturali
588 3927 712 3991 ratione
742 3927 896 4012 explicari
926 3928 1058 4013 possint.
1104 3928 1197 4002 Quod
1228 3949 1326 4013 porro
1362 3927 1421 3996 111
1516 3987 1529 3994 -

208 4186 226 4250 ¹)
261 4186 313 4248 VI,
332 4190 371 4236 66.

207 4281 227 4344 ²)
261 4281 300 4342 1,
320 4285 389 4331 1224.

207 4377 227 4438 ³.)
262 4375 301 4437 V,
321 4381 390 4426 1233.

207 4470 227 4536 4)
264 4470 294 4531 Ι,
314 4473 358 4523 107
375 4487 441 4537 seqq.

207 4565 226 4623 ⁵)
261 4566 289 4626 Ι,
308 4568 339 4615 63
357 4581 423 4631 seqq.

207 4660 227 4724 6)
263 4661 367 4710 Donet.
386 4663 450 4712 deor.
468 4663 498 4728 1,
517 4666 555 4712 20.
