3196 5160
151 120 281 197 cercnt,
316 115 452 179 debebat
480 115 560 179 haec
584 116 690 179 omnia
711 116 849 180 naturali
871 115 995 179 ratione
1018 114 1087 198 geri
1111 112 1244 177 ostendi.
1292 113 1373 177 Cum

150 229 231 296 aliae
264 253 315 296 res
348 232 530 297 hominibus
554 234 617 296 sint
638 234 856 318 perniciosae,
880 233 962 296 aliae
985 237 1060 295 sunt
1084 231 1260 321 salutares,
1291 250 1372 315 queo

150 342 332 414 hominibus
376 356 450 413 sunt
494 350 669 432 salutares,
711 371 805 436 saepe
843 349 954 413 bestiis
999 355 1072 413 sunt
1112 347 1308 434 perniciosae
1339 352 1372 410 et

150 471 270 529 contra.
316 467 368 530 sic
402 467 499 530 atomi
537 473 610 530 sunt
647 468 757 530 bestiis
794 467 985 552 pestiferae,
1031 487 1134 551 quae,
1169 486 1241 528 cum
1277 463 1371 528 valde

150 579 213 645 sint
249 590 385 663 tenues,
421 584 513 648 facile
550 606 608 670 per
641 606 734 649 nares
771 586 824 648 rel
858 585 936 648 alias
966 585 1104 668 corporis
1138 589 1245 667 partes
1274 603 1371 667 pene·

150 699 244 766 trent.
304 701 390 786 Ergo
436 702 638 766 statuendum
676 709 723 766 est
761 702 914 766 eiusmodi
952 701 1144 787 perniciosas
1177 706 1298 764 atomos
1335 706 1372 763 ut

150 817 344 880 mortiferam
379 818 442 880 vim
475 818 513 881 de
544 825 629 882 terra
665 840 794 901 surgere
830 820 863 881 in
894 840 1007 900 auras,
1045 822 1099 898 ,ut
1122 817 1260 902 spatium
1291 816 1371 880 caeli

151 933 286 1016 quadam
321 935 358 998 dc
389 941 479 1019 parte
509 941 685 999 venenent:
709 958 771 1022 quo
795 937 888 1000 simul
911 958 947 999 ac
970 937 1107 1021 primum
1129 935 1243 1020 pennis
1266 934 1372 998 delata

149 1047 187 1142 sit
234 1050 316 1133 ales,
360 1050 552 1136 impediatur
587 1051 632 1114 ibi
669 1072 762 1115 cacco
800 1058 946 1137 correpta
981 1073 1126 1133 veneno,
1157 1055 1193 1114 ut
1231 1050 1323 1114 cadat
1353 1070 1370 1113 e

144 1167 278 1249 regione
315 1168 395 1251 loci,
427 1190 489 1253 qua
527 1168 643 1252 derigit
678 1171 805 1232 aestus''
822 1169 851 1252 ¹).
918 1169 1026 1233 Etiam
1065 1170 1101 1232 fit
1137 1167 1297 1232 interdum
1334 1173 1370 1230 ut

137 1303 281 1367 vapores
323 1307 341 1348 e
382 1291 467 1349 terra
508 1292 675 1369 surgentes
712 1308 819 1350 aerem
853 1286 1025 1351 discutiant
1055 1287 1122 1369 ita,
1164 1292 1200 1349 ut
1232 1306 1369 1348 vacuum

118 1399 275 1466 existat.
322 1403 402 1466 Oum
425 1403 546 1467 adhoc
569 1425 704 1468 vacuum
727 1405 860 1468 veniunt
883 1426 979 1488 aves,
1006 1405 1113 1470 volare
1128 1410 1312 1489 nequeunt,
1335 1403 1369 1466 in

101 1526 265 1584 terram
288 1519 439 1583 decidunt
464 1526 515 1600 „ct
537 1542 673 1583 vacuum
696 1542 794 1607 prope
817 1522 881 1584 iam
904 1542 961 1606 per
983 1521 1078 1585 inane
1093 1521 1234 1584 iacentes
1249 1519 1368 1605 disper-

82 1643 226 1722 gunt
262 1637 384 1700 animas
418 1659 475 1722 per
506 1639 612 1702 caulas
635 1638 774 1723 corporis
797 1639 920 1701 omnis”
936 1639 972 1721 ²).
997 1675 1038 1684 --
1061 1638 1144 1701 Tum
1168 1636 1291 1701 accedit
1313 1657 1368 1700 ex·

71 1751 278 1838 plicatio
308 1755 621 1840 phaenomenorum,
656 1776 737 1841 quae
760 1756 793 1819 in
815 1755 954 1819 fontibus
976 1755 1137 1819 nonnullis
1159 1755 1368 1818 observantur

65 1872 157 1930 et
192 1894 284 1958 quae
307 1874 401 1937 nimis
424 1873 619 1938 admirantur
641 1872 786 1937 homines
803 1872 841 1957 ³),
865 1873 1070 1959 quamobrem
1093 1873 1231 1937 naturali
1245 1873 1368 1937 ratione

57 1990 303 2071 explicari
336 1991 462 2054 debent.
509 1991 543 2054 Si
577 1992 755 2055 accuratius
785 1998 880 2076 poeta
904 1990 1121 2076 descripsisset
1144 1989 1290 2055 Avernas
1312 2012 1367 2077 pa-

56 2094 238 2171 ludes
262 2129 360 2193 prope
384 2109 499 2172 Cumas
523 2109 599 2172 sitas
622 2130 739 2195 casque
764 2110 846 2172 solas
870 2109 1083 2194 explicasset,
1107 2108 1236 2172 credere
1259 2129 1368 2194 posses

55 2227 218 2288 eum
241 2246 300 2288 suo
322 2225 426 2289 Marte
448 2225 500 2289 hic
523 2226 749 2312 philosophari.
782 2227 863 2291 Oum
886 2233 993 2290 tamen
1016 2226 1125 2290 videas
1148 2247 1221 2289 eum
1248 2225 1367 2306 „Athe-

55 2341 234 2406 11aeis
268 2342 303 2405 in
335 2343 522 2406 moenibus”
551 2345 635 2426 (749)
660 2345 749 2407 etin
772 2345 865 2429 Syria
888 2365 1015 2430 quoque
1039 2345 1127 2421 (756)
1152 2342 1279 2408 easdem
1301 2364 1367 2408 me-

56 2457 288 2542 InOrare,
323 2482 395 2525 cum
429 2461 517 2544 legas
551 2482 625 2525 eum
659 2460 787 2525 arbores
817 2462 850 2524 in
872 2462 997 2544 magnis
1019 2461 1184 2524 Heliconis
1205 2461 1367 2526 montibus

60 2573 323 2642 01‘escentes
357 2580 444 2661 (786)
477 2585 510 2644 et
544 2579 787 2665 Scaptensulam
821 2582 908 2663 (810)
942 2581 976 2642 in
1007 2579 1276 2644 demonstratione
1310 2600 1367 2643 sua

62 2675 279 2776 affizrre,
314 2695 402 2758 nulla
434 2701 533 2759 restat
567 2717 680 2777 causa,
714 2717 771 2760 cur
802 2702 895 2782 putes
918 2717 992 2759 eum
1013 2694 1065 2760 hic
1088 2696 1252 2779 vulgarem
1276 2716 1365 2758 suam

63 2804 300 2877 rationem
342 2814 486 2897 magistri
528 2814 759 2899 interpretandi
796 2815 984 2900 reliquisse,
1028 2813 1088 2878 etsi
1129 2835 1146 2877 e
1179 2813 1367 2897 fragmentis

65 2921 312 2994 Ostendam
345 2953 409 2994 non
432 2953 598 3016 possumus
621 2933 797 3019 Epicurum
819 2933 898 2998 haec
927 2932 1039 2997 codem
1061 2931 1155 2996 modo
1179 2932 1364 3017 explicasse.

66 3014 216 3110 [³⁴11]
245 3048 349 3111 minus
383 3048 528 3112 dubitare
558 3050 696 3134 poteris,
732 3072 805 3114 cum
827 3050 1026 3114 intellexeris
1049 3070 1122 3113 eum
1146 3048 1366 3112 difficillimum

66 3138 407 3247 phaenomenon,
430 3165 514 3252 quod
535 3188 668 3250 magnes
691 3167 772 3251 lapis
794 3168 949 3253 praebet,
973 3167 1063 3230 cuius
1086 3166 1258 3251 explicatio
1281 3188 1366 3230 nunc

67 3265 309 3363 Sequitur,
333 3281 418 3366 apud
440 3282 628 3365 magistrum
652 3284 832 3367 expositum
855 3283 1023 3347 invenisse.

155 3382 229 3458 In
257 3395 317 3461 hoc
351 3397 432 3460 libro
463 3404 554 3461 sexto
585 3399 729 3462 ordinem
753 3405 785 3462 et
807 3420 945 3481 nexum,
977 3398 1091 3484 quibus
1114 3396 1240 3482 singula
1261 3397 1367 3482 capita

68 3473 229 3574 inter
262 3532 295 3575 se
325 3512 520 3597 iunguntur,
555 3514 675 3578 debiles
706 3520 738 3578 et
772 3516 863 3578 laxos
897 3535 965 3578 esse
995 3536 1091 3600 supra
1120 3514 1184 3578 iarn
1207 3513 1364 3599 apparuit.

74 3593 228 3691 Qum
259 3634 355 3715 poeta
387 3630 543 3716 quaedam
573 3630 795 3716 phaenomena
829 3632 978 3715 selegerit
1012 3639 1044 3695 et
1067 3638 1193 3717 tempus
1216 3653 1289 3695 eum
1312 3630 1365 3696 de·

77 3709 257 3810 feqisse
291 3746 459 3830 videatur,
492 3755 529 3811 ut
559 3749 665 3813 omnia
686 3750 854 3834 perficeret
876 3755 909 3813 et
931 3756 1093 3835 tamquam
1114 3750 1147 3812 in
1170 3771 1269 3813 unum
1292 3771 1365 3814 con-

93 3909 341 3952 Χ...

152 4020 197 4096 ι)
232 4035 278 4086 vs.
296 4039 344 4086 aro
361 4052 428 4102 seqq.

157 4119 198 4192 2)
231 4130 274 4182 Vc
292 4134 357 4193 aaa,
375 4135 414 4182 39.

162 4215 199 4287 ³)
233 4225 276 4275 Vs.
295 4229 431 4275 ara-905.
