3196 5160
775 289 815 350 74

183 511 264 576 quae
298 513 381 555 nuno
416 491 450 554 111
472 496 579 554 1100110
603 489 783 554 dominatur
814 511 944 575 corpore
973 494 1049 553 nata
1072 509 1115 552 ex
1137 488 1213 571 illa,
1236 508 1319 573 quae
1343 493 1412 551 tum

183 607 278 691 periit
300 608 418 693 partita
440 628 497 692 per
520 608 628 670 artus'’
646 603 677 690 ¹).
724 606 892 669 Lucretius
915 605 1014 690 igitur
1038 625 1055 668 e
1079 626 1136 668 sua
1151 604 1251 689 ipsius
1267 603 1413 667 doctrina

182 722 235 787 hio
257 725 376 809 profert
403 730 608 809 argumenta,
633 724 747 810 quibus
771 724 967 788 adversarios
989 724 1169 808 impugnet,
1182 744 1245 786 non
1258 727 1413 807 reputans

184 862 238 906 eos
260 844 366 907 animo
388 843 587 907 materialem
610 848 757 906 naturam
780 841 972 906 abiudicare.
1007 843 1107 906 Porro
1123 842 1149 905 si
1166 841 1212 905 illi
1229 839 1414 926 philosophi

184 966 315 1023 censent
346 961 487 1025 animum
513 961 546 1023 in
571 981 684 1045 corpus
707 982 825 1024 novum
848 962 1021 1025 intrantem
1045 960 1189 1024 oblivisci
1212 980 1294 1045 quae
1317 965 1414 1022 antea

183 1075 214 1139 ei
236 1076 428 1161 contigerint
440 1079 484 1160 ²),
516 1076 576 1142 hoc
600 1077 731 1163 paulum
754 1078 844 1141 abest
866 1100 886 1141 a
907 1084 1028 1160 morte,
1053 1099 1125 1141 cum
1148 1077 1194 1140 ita
1215 1075 1335 1140 mentis
1358 1097 1414 1139 na-

182 1197 255 1259 tura
277 1197 418 1256 mutetur
430 1193 463 1275 ³).
501 1193 668 1278 ,Denique
691 1193 827 1258 conubia
850 1192 890 1256 ad
914 1193 1051 1256 Veneris
1074 1198 1248 1278 partusque
1271 1191 1414 1256 ferarum

183 1328 252 1371 esse
276 1308 398 1372 animas
416 1315 543 1395 praesto
567 1309 778 1413 deridiculum
801 1331 869 1373 esse
892 1309 1042 1392 videtur,
1071 1315 1258 1395 exspectare
1282 1309 1414 1371 immor-

181 1425 254 1488 talis
286 1426 433 1490 mortalia
454 1426 597 1490 membra
620 1427 785 1490 innumero
808 1446 961 1508 numero,
996 1431 1185 1511 certareque
1216 1444 1412 1510 praeprope-

182 1551 290 1607 ranter
323 1543 406 1607 inter
429 1565 463 1608 se
485 1566 566 1630 quae
594 1545 697 1631 prima
719 1544 945 1630 potissimaque
968 1544 1164 1626 insinuetur3
1189 1543 1215 1606 si
1238 1564 1303 1606 non
1327 1541 1411 1606 forte

182 1661 229 1724 ita
250 1667 324 1724 sunt
347 1661 525 1726 animarum
548 1663 677 1728 foedera
698 1669 813 1748 pacta,
837 1669 873 1725 ut
896 1683 977 1747 quae
1000 1661 1103 1747 prima
1118 1661 1229 1724 volans
1245 1659 1415 1724 advenerit

182 1777 362 1841 insinuetur
394 1779 519 1863 prima,
553 1801 657 1866 neque
691 1781 775 1844 iuter
809 1801 843 1844 se
866 1778 1059 1843 contendant
1088 1778 1211 1842 viribus
1234 1777 1360 1841 hilum’'
1377 1778 1413 1860 4).

183 1893 284 1958 Η1000
313 1894 427 1958 1000010
449 1897 610 1980 versibus,
646 1918 725 1983 quos
747 1897 897 1961 Lucretio
920 1897 982 1982 ipsi
1004 1896 1189 1960 tribuendos
1212 1916 1281 1959 esse
1305 1916 1415 1959 cense-

183 2032 275 2093 mus,
311 2033 421 2075 eorum
458 2013 570 2077 irridet
604 2013 808 2099 opinionem,
843 2014 897 2100 qui
931 2014 1054 2078 animos
1077 2019 1151 2076 ante
1174 2013 1278 2098 ipsum
1302 2017 1415 2075 natum

184 2148 298 2214 eorpus
320 2128 384 2192 iarn
407 2135 534 2215 praesto
557 2151 626 2194 esse
649 2131 732 2212 rati,
756 2151 915 2216 quamque
938 2131 1077 2194 animam
1100 2151 1194 2193 suum
1217 2128 1278 2192 sibi
1298 2150 1414 2215 corpus

184 2246 304 2330 eligere
335 2253 368 2311 et
390 2248 481 2333 quasi
512 2248 660 2312 fabricari
683 2248 856 2312 censebant
872 2247 906 2331 5).
953 2248 1039 2312 Illud
1061 2247 1197 2312 afferens
1219 2246 1415 2332 phaenome-

183 2385 247 2428 non
282 2363 322 2428 de
355 2365 519 2429 vermibus
550 2386 568 2430 e
603 2371 740 2429 stercore
763 2371 796 2429 et
818 2366 1003 2450 corporibus
1025 2364 1161 2451 putridis
1183 2364 1414 2447 nascentibus,

184 2479 223 2544 de
257 2503 318 2566 quc
349 2482 414 2545 iam
449 2483 483 2545 in
512 2482 576 2546 fine
598 2483 672 2546 libri
695 2481 826 2547 secundi
848 2504 951 2547 sermo
975 2489 1063 2564 erat,
1093 2483 1220 2546 illorum
1243 2481 1415 2545 stultitiam

184 2597 354 2661 ostendit·
378 2597 497 2662 Anima
528 2598 664 2682 vestigia
695 2599 851 2685 quaedam
874 2599 923 2662 sui
945 2599 1098 2684 relinquit
1120 2599 1154 2661 in
1177 2617 1307 2683 corpore
1330 2619 1416 2661 mor-

184 2720 259 2796 tuo,
290 2714 375 2778 unde
399 2721 532 2801 apparet
554 2716 642 2780 illam
664 2737 729 2780 non
751 2737 821 2780 esse
843 2716 1077 2798 immortalem,
1112 2715 1261 2801 quoniam
1284 2714 1334 2778 sui
1358 2715 1416 2779 ali-

183 2829 259 2914 quid
292 2831 326 2894 iu
359 2852 489 2916 corpore
521 2831 673 2918 relinquit
708 2830 819 2910 (libata
853 2831 985 2895 recessit
1017 2833 1100 2914 714).
1147 2831 1204 2895 Sin
1236 2830 1415 2894 contendas

184 2968 282 3010 novas
305 2968 374 3012 esse
396 2950 517 3013 animas
539 2949 573 3012 in
595 2949 658 3013 illis
681 2948 918 3031 animantibus,
943 2949 1085 3034 explices
1107 2969 1237 3013 necesse
1261 2954 1333 3031 est,
1358 2970 1416 3013 cur

184 3062 311 3126 tandem
346 3063 380 3126 in
412 3063 492 3128 haec
528 3071 583 3129 aut
613 3064 676 3128 alia
699 3085 832 3150 corpora
854 3064 978 3129 animae
1002 3065 1224 3143 insinuentur,
1257 3086 1335 3128 nam
1358 3085 1416 3128 cur

184 3180 244 3244 sibi
268 3181 408 3244 facerent
431 3203 562 3268 corpora
585 3183 709 3247 animae
730 3203 802 3245 cum
818 3188 1040 3267 extracorpus
1056 3182 1213 3246 feliciores
1228 3187 1336 3246 0000111
1349 3182 1364 3244 Ρ
1376 3183 1413 3265 ⁶).

184 3296 321 3361 Animae
352 3319 411 3362 nec
442 3298 563 3363 semina
586 3299 772 3363 animalium
793 3305 952 3362 venantur
974 3301 1066 3383 (121)
1090 3320 1149 3362 nec
1171 3298 1323 3384 perfectis
1346 3320 1413 3363 cor-

218 3575 235 3637 Ι)
270 3574 466 3627 vemt-711.

215 3670 235 3732 2)
272 3669 383 3719 Ρ111101110
400 3670 461 3733 Rep.
480 3669 512 3719 X.
531 3673 576 3720 621
595 3672 625 3719 A.
643 3669 743 3719 Phaedo
760 3669 790 3722 76
808 3685 827 3718 c.

216 3764 236 3824 ³)
270 3764 313 3814 Vs.
332 3765 452 3817 670-78.

217 3859 236 3923 4)
272 3859 314 3909 Vs.
335 3860 454 3912 776-83,

217 3953 237 4016 5)
273 3954 358 4004 Simile
380 3954 456 4019 quid,
479 3971 529 4004 non
550 3955 632 4016 idem,
653 3956 718 4018 apud
740 3954 804 4003 Plat.
826 3953 918 4004 Phned.
944 3954 973 4006 78
996 3954 1034 4014 D,
1056 3953 1076 4003 εἰ
1098 3956 1146 4020 γὰρ
1163 3953 1213 4018 ῥέοι
1230 3957 1259 4005 τὸ
1276 3959 1349 4018 σῶμα
1369 3955 1411 4002 καὶ

186 4051 345 4101 ἀπολλύοιτο
371 4051 408 4099 ἔτι
434 4051 528 4108 ζῶντος
554 4054 599 4101 τοῦ
625 4053 774 4116 ἀνθρώπου.
802 4052 861 4100 ἀλλ’
887 4049 990 4114 ἡψυχὴ
1007 4050 1046 4100 ἀεὶ
1064 4054 1093 4102 τὸ
1110 4047 1332 4112 κατατριβόμενον
1349 4049 1411 4099 ἀνν-

186 4139 268 4205 palam
294 4143 435 4208 ἀναγκαῖον
458 4147 525 4208 μέντ’
551 4146 583 4195 ἂν
611 4148 648 4204 εἴη
673 4145 708 4193 ait
729 4145 824 4204 Cebes,
849 4143 946 4193 animus
963 4160 1051 4207 corpus
1068 4143 1116 4193 01111
1133 4143 1277 4193 fabricatur.
1312 4141 1414 4193 Plutoni

185 4236 307 4300 placuisse
323 4238 421 4288 videtur
434 4239 528 4289 animos
539 4240 616 4289 fuisse
626 4245 684 4289 unte
695 4256 782 4302 corpus
794 4244 896 4289 nutum:
914 4238 978 4288 hanc
989 4243 1072 4287 tamen
1084 4238 1219 4288 doctrinam
1231 4236 1268 4287 ita
1278 4237 1412 4298 describit,

186 4332 279 4397 mythis
304 4338 329 4382 et
345 4333 436 4382 fabulis
455 4333 588 4395 adhibitis,
614 4341 644 4383 ut
659 4333 703 4383 vix
721 4334 800 4383 videri
817 4333 908 4396 possit,
933 4349 996 4397 quae
1012 4332 1111 4396 propria
1127 4331 1159 4381 sit
1176 4332 1229 4381 eius
1245 4331 1338 4394 opinio.
1374 4332 1412 4382 Cf.

187 4425 303 4484 Karsten,
332 4425 515 4490 Verhandeling
532 4443 590 4477 over
606 4427 777 4491 Palingenesie
799 4443 830 4476 en
849 4426 1087 4492 Metempsychosis,
1113 4442 1169 4489 pag.
1187 4429 1232 4486 40,
1260 4430 1301 4475 41.
1319 4425 1411 4476 Phsed.

186 4536 211 4582 p.
229 4523 258 4568 81
276 4535 344 4584 seqq.
363 4519 441 4583 Gorg.
459 4526 523 4570 extr.
541 4537 565 4584 p.
583 4524 630 4570 123
648 4537 713 4587 seqq.
732 4522 835 4571 Phaedr.
853 4538 877 4586 p.
897 4525 951 4572 248.
986 4520 1092 4583 Republ.
1110 4521 1154 4581 X,
1171 4536 1195 4584 p.
1214 4523 1261 4569 618
1278 4536 1347 4586 seqq.

219 4614 239 4680 ὓ)
274 4614 317 4663 Vs.
335 4615 454 4666 713-40.
