<?xml version="1.0" encoding="UTF-8"?>
<!DOCTYPE html PUBLIC "-//W3C//DTD XHTML 1.0 Transitional//EN"
    "http://www.w3.org/TR/xhtml1/DTD/xhtml1-transitional.dtd">
<html xmlns="http://www.w3.org/1999/xhtml" xml:lang="en" lang="en">
 <head>
  <title>
</title>
<meta http-equiv="Content-Type" content="text/html;charset=utf-8" />
  <meta name='ocr-system' content='tesseract 3.04.00' />
  <meta name='ocr-capabilities' content='ocr_page ocr_carea ocr_par ocr_line ocrx_word'/>
</head>
<body>
  <div class='ocr_page' id='page_1' title='image "./lucretiiphiloso00woltgoog_0077.png"; bbox 0 0 3196 5160; ppageno 0'>
   <div class='ocr_carea' id='block_1_1' title="bbox 777 265 814 327">
    <p class='ocr_par' dir='ltr' id='par_1_1' title="bbox 777 265 814 327">
     <span class='ocr_line' id='line_1_1' title="bbox 777 265 814 327; baseline 0.027 -1"><span class='ocrx_word' id='word_1_1' title='bbox 777 265 814 327; x_wconf 76' lang='lat'>71</span> 
     </span>
    </p>
   </div>
   <div class='ocr_carea' id='block_1_2' title="bbox 183 465 1407 1021">
    <p class='ocr_par' dir='ltr' id='par_1_2' title="bbox 183 465 1407 901">
     <span class='ocr_line' id='line_1_2' title="bbox 183 465 1407 552; baseline 0 -23"><span class='ocrx_word' id='word_1_2' title='bbox 183 465 314 552; x_wconf 91' lang='lat' dir='ltr'>losopho</span> <span class='ocrx_word' id='word_1_3' title='bbox 348 488 411 531; x_wconf 93' lang='lat' dir='ltr'>non</span> <span class='ocrx_word' id='word_1_4' title='bbox 435 466 618 549; x_wconf 80' lang='lat' dir='ltr'>dissentire,</span> <span class='ocrx_word' id='word_1_5' title='bbox 642 488 744 552; x_wconf 90' lang='lat' dir='ltr'>neque</span> <span class='ocrx_word' id='word_1_6' title='bbox 768 467 808 531; x_wconf 91' lang='lat' dir='ltr'>ad</span> <span class='ocrx_word' id='word_1_7' title='bbox 832 465 1008 530; x_wconf 74' lang='lat' dir='ltr'><strong>doctrinam</strong></span> <span class='ocrx_word' id='word_1_8' title='bbox 1032 466 1101 529; x_wconf 90' lang='lat' dir='ltr'>eius</span> <span class='ocrx_word' id='word_1_9' title='bbox 1124 465 1297 552; x_wconf 80' lang='lat' dir='ltr'><strong>quidquam</strong></span> <span class='ocrx_word' id='word_1_10' title='bbox 1320 465 1407 530; x_wconf 91' lang='lat' dir='ltr'>addi·</span> 
     </span>
     <span class='ocr_line' id='line_1_3' title="bbox 185 583 1406 670; baseline -0.001 -23"><span class='ocrx_word' id='word_1_11' title='bbox 185 583 283 666; x_wconf 90' lang='lat' dir='ltr'>disse,</span> <span class='ocrx_word' id='word_1_12' title='bbox 318 605 422 670; x_wconf 91' lang='lat' dir='ltr'>neque</span> <span class='ocrx_word' id='word_1_13' title='bbox 445 605 526 670; x_wconf 86' lang='lat' dir='ltr'>quae</span> <span class='ocrx_word' id='word_1_14' title='bbox 557 585 671 648; x_wconf 85' lang='lat' dir='ltr'>vitiosa</span> <span class='ocrx_word' id='word_1_15' title='bbox 694 585 757 647; x_wconf 89' lang='lat' dir='ltr'>sint</span> <span class='ocrx_word' id='word_1_16' title='bbox 780 583 984 647; x_wconf 76' lang='lat' dir='ltr'>emendasse:</span> <span class='ocrx_word' id='word_1_17' title='bbox 1019 583 1100 646; x_wconf 88' lang='lat' dir='ltr'>nihil</span> <span class='ocrx_word' id='word_1_18' title='bbox 1123 583 1198 647; x_wconf 88' lang='lat' dir='ltr'>fecit</span> <span class='ocrx_word' id='word_1_19' title='bbox 1220 605 1314 669; x_wconf 92' lang='lat' dir='ltr'>quam</span> <span class='ocrx_word' id='word_1_20' title='bbox 1338 584 1406 647; x_wconf 91' lang='lat' dir='ltr'>eius</span> 
     </span>
     <span class='ocr_line' id='line_1_4' title="bbox 183 700 1407 787; baseline 0.001 -23"><span class='ocrx_word' id='word_1_21' title='bbox 183 700 417 787; x_wconf 85' lang='lat' dir='ltr'>philosophiam</span> <span class='ocrx_word' id='word_1_22' title='bbox 456 703 659 786; x_wconf 89' lang='lat' dir='ltr'>interpretari</span> <span class='ocrx_word' id='word_1_23' title='bbox 697 702 817 787; x_wconf 89' lang='lat' dir='ltr'>optima</span> <span class='ocrx_word' id='word_1_24' title='bbox 847 722 919 765; x_wconf 92' lang='lat' dir='ltr'>cum</span> <span class='ocrx_word' id='word_1_25' title='bbox 950 701 1022 764; x_wconf 90' lang='lat' dir='ltr'>fide.</span> <span class='ocrx_word' id='word_1_26' title='bbox 1068 701 1121 764; x_wconf 83' lang='lat' dir='ltr'>Ad</span> <span class='ocrx_word' id='word_1_27' title='bbox 1155 707 1300 786; x_wconf 89' lang='lat' dir='ltr'>partem,</span> <span class='ocrx_word' id='word_1_28' title='bbox 1343 724 1407 787; x_wconf 90' lang='lat' dir='ltr'>qua</span> 
     </span>
     <span class='ocr_line' id='line_1_5' title="bbox 184 819 1077 901; baseline -0.001 -20"><span class='ocrx_word' id='word_1_29' title='bbox 184 819 324 882; x_wconf 88' lang='lat' dir='ltr'>animum</span> <span class='ocrx_word' id='word_1_30' title='bbox 347 820 514 883; x_wconf 79' lang='lat' dir='ltr'>mortalem</span> <span class='ocrx_word' id='word_1_31' title='bbox 537 840 606 883; x_wconf 90' lang='lat' dir='ltr'>esse</span> <span class='ocrx_word' id='word_1_32' title='bbox 631 819 846 901; x_wconf 87' lang='lat' dir='ltr'>demonstrat,</span> <span class='ocrx_word' id='word_1_33' title='bbox 870 824 1077 881; x_wconf 89' lang='lat' dir='ltr'>transeamus.</span> 
     </span>
    </p>

    <p class='ocr_par' dir='ltr' id='par_1_3' title="bbox 226 933 1406 1021">
     <span class='ocr_line' id='line_1_6' title="bbox 226 933 1406 1021; baseline 0 -23"><span class='ocrx_word' id='word_1_34' title='bbox 226 935 278 998; x_wconf 84' lang='lat' dir='ltr'>Ex</span> <span class='ocrx_word' id='word_1_35' title='bbox 294 936 354 1017; x_wconf 89' lang='lat' dir='ltr'>iis,</span> <span class='ocrx_word' id='word_1_36' title='bbox 370 957 451 1021; x_wconf 89' lang='lat' dir='ltr'>quae</span> <span class='ocrx_word' id='word_1_37' title='bbox 468 936 679 1021; x_wconf 86' lang='lat' dir='ltr'>praecedunt,</span> <span class='ocrx_word' id='word_1_38' title='bbox 696 936 810 1020; x_wconf 91' lang='lat' dir='ltr'>cuique</span> <span class='ocrx_word' id='word_1_39' title='bbox 826 935 971 1020; x_wconf 90' lang='lat' dir='ltr'>patebit,</span> <span class='ocrx_word' id='word_1_40' title='bbox 995 933 1242 1020; x_wconf 93' lang='lat' dir='ltr'>philosophum,</span> <span class='ocrx_word' id='word_1_41' title='bbox 1261 935 1311 998; x_wconf 92' lang='lat' dir='ltr'>cui</span> <span class='ocrx_word' id='word_1_42' title='bbox 1326 934 1406 998; x_wconf 89' lang='lat' dir='ltr'>haec</span> 
     </span>
    </p>
   </div>
   <div class='ocr_carea' id='block_1_3' title="bbox 184 1044 1405 1137">
    <p class='ocr_par' dir='ltr' id='par_1_4' title="bbox 184 1044 1405 1137">
     <span class='ocr_line' id='line_1_7' title="bbox 184 1044 1405 1137; baseline 0.001 -23"><span class='ocrx_word' id='word_1_43' title='bbox 184 1053 381 1137; x_wconf 80' lang='lat' dir='ltr'>placuerint,</span> <span class='ocrx_word' id='word_1_44' title='bbox 416 1054 543 1116; x_wconf 91' lang='lat' dir='ltr'>omnino</span> <span class='ocrx_word' id='word_1_45' title='bbox 567 1044 672 1117; x_wconf 90' lang='lat' dir='ltr'>animo</span> <span class='ocrx_word' id='word_1_46' title='bbox 698 1053 970 1116; x_wconf 89' lang='lat' dir='ltr'>immortalitatem</span> <span class='ocrx_word' id='word_1_47' title='bbox 1004 1052 1145 1115; x_wconf 89' lang='lat' dir='ltr'>tribuere</span> <span class='ocrx_word' id='word_1_48' title='bbox 1169 1072 1232 1115; x_wconf 90' lang='lat' dir='ltr'>non</span> <span class='ocrx_word' id='word_1_49' title='bbox 1255 1053 1405 1136; x_wconf 91' lang='lat' dir='ltr'>potuisse.</span> 
     </span>
    </p>
   </div>
   <div class='ocr_carea' id='block_1_4' title="bbox 145 1169 1471 4070">
    <p class='ocr_par' dir='ltr' id='par_1_5' title="bbox 145 1169 1471 2430">
     <span class='ocr_line' id='line_1_8' title="bbox 185 1169 1406 1256; baseline 0 -23"><span class='ocrx_word' id='word_1_50' title='bbox 185 1169 247 1233; x_wconf 80' lang='lat' dir='ltr'>Sed</span> <span class='ocrx_word' id='word_1_51' title='bbox 263 1177 371 1238; x_wconf 88' lang='lat' dir='ltr'>tamen</span> <span class='ocrx_word' id='word_1_52' title='bbox 387 1171 556 1235; x_wconf 90' lang='lat' dir='ltr'>Lucretius</span> <span class='ocrx_word' id='word_1_53' title='bbox 572 1192 700 1256; x_wconf 86' lang='lat' dir='ltr'>operam</span> <span class='ocrx_word' id='word_1_54' title='bbox 716 1170 804 1233; x_wconf 89' lang='lat' dir='ltr'>dedit</span> <span class='ocrx_word' id='word_1_55' title='bbox 817 1173 873 1251; x_wconf 98' lang='grc' dir='ltr'><strong>(νε.</strong></span> <span class='ocrx_word' id='word_1_56' title='bbox 884 1171 1068 1252; x_wconf 71' lang='lat' dir='ltr'>ert-828)</span> <span class='ocrx_word' id='word_1_57' title='bbox 1085 1219 1092 1252; x_wconf 93' lang='lat'>,</span> <span class='ocrx_word' id='word_1_58' title='bbox 1105 1176 1142 1232; x_wconf 92' lang='lat' dir='ltr'>ut</span> <span class='ocrx_word' id='word_1_59' title='bbox 1154 1169 1252 1233; x_wconf 91' lang='lat' dir='ltr'>animi</span> <span class='ocrx_word' id='word_1_60' title='bbox 1260 1175 1406 1233; x_wconf 90' lang='lat' dir='ltr'>naturam</span> 
     </span>
     <span class='ocr_line' id='line_1_9' title="bbox 184 1287 1406 1373; baseline 0.002 -24"><span class='ocrx_word' id='word_1_61' title='bbox 184 1288 324 1351; x_wconf 86' lang='lat' dir='ltr'>nativam</span> <span class='ocrx_word' id='word_1_62' title='bbox 358 1310 394 1352; x_wconf 87' lang='lat' dir='ltr'>ac</span> <span class='ocrx_word' id='word_1_63' title='bbox 428 1289 594 1353; x_wconf 87' lang='lat' dir='ltr'>mortalem</span> <span class='ocrx_word' id='word_1_64' title='bbox 626 1309 694 1351; x_wconf 90' lang='grc' dir='ltr'><strong>εεεε</strong></span> <span class='ocrx_word' id='word_1_65' title='bbox 717 1288 826 1351; x_wconf 90' lang='lat' dir='ltr'>multis</span> <span class='ocrx_word' id='word_1_66' title='bbox 848 1287 1046 1371; x_wconf 84' lang='lat' dir='ltr'>argumentis</span> <span class='ocrx_word' id='word_1_67' title='bbox 1069 1287 1320 1369; x_wconf 86' lang='lat' dir='ltr'>demonstraret,</span> <span class='ocrx_word' id='word_1_68' title='bbox 1344 1308 1406 1373; x_wconf 95' lang='lat' dir='ltr'>quo</span> 
     </span>
     <span class='ocr_line' id='line_1_10' title="bbox 184 1404 1406 1490; baseline 0 -23"><span class='ocrx_word' id='word_1_69' title='bbox 184 1404 265 1468; x_wconf 88' lang='lat' dir='ltr'>facto</span> <span class='ocrx_word' id='word_1_70' title='bbox 301 1407 448 1490; x_wconf 86' lang='lat' dir='ltr'>sperabat</span> <span class='ocrx_word' id='word_1_71' title='bbox 475 1426 508 1469; x_wconf 93' lang='lat' dir='ltr'>se</span> <span class='ocrx_word' id='word_1_72' title='bbox 532 1426 657 1469; x_wconf 91' lang='lat' dir='ltr'>omnem</span> <span class='ocrx_word' id='word_1_73' title='bbox 680 1406 790 1469; x_wconf 90' lang='lat' dir='ltr'>mortis</span> <span class='ocrx_word' id='word_1_74' title='bbox 814 1406 960 1468; x_wconf 88' lang='lat' dir='ltr'>timorem</span> <span class='ocrx_word' id='word_1_75' title='bbox 984 1425 1026 1468; x_wconf 84' lang='lat' dir='ltr'>ex</span> <span class='ocrx_word' id='word_1_76' title='bbox 1047 1405 1211 1468; x_wconf 87' lang='lat' dir='ltr'>hominum</span> <span class='ocrx_word' id='word_1_77' title='bbox 1234 1404 1327 1467; x_wconf 92' lang='lat' dir='ltr'>corde</span> <span class='ocrx_word' id='word_1_78' title='bbox 1350 1425 1406 1467; x_wconf 81' lang='lat' dir='ltr'>ex·</span> 
     </span>
     <span class='ocr_line' id='line_1_11' title="bbox 184 1520 1406 1608; baseline 0 -24"><span class='ocrx_word' id='word_1_79' title='bbox 184 1522 348 1608; x_wconf 86' lang='lat' dir='ltr'>pulsurum</span> <span class='ocrx_word' id='word_1_80' title='bbox 373 1544 451 1596; x_wconf 87' lang='lat' dir='ltr'>esse.</span> <span class='ocrx_word' id='word_1_81' title='bbox 475 1522 590 1586; x_wconf 89' lang='lat' dir='ltr'>Omnia</span> <span class='ocrx_word' id='word_1_82' title='bbox 612 1530 729 1604; x_wconf 87' lang='lat' dir='ltr'>autem,</span> <span class='ocrx_word' id='word_1_83' title='bbox 752 1543 833 1608; x_wconf 92' lang='lat' dir='ltr'>quae</span> <span class='ocrx_word' id='word_1_84' title='bbox 849 1522 978 1606; x_wconf 84' lang='lat' dir='ltr'>profert,</span> <span class='ocrx_word' id='word_1_85' title='bbox 995 1526 1183 1605; x_wconf 87' lang='lat' dir='ltr'>argumenta</span> <span class='ocrx_word' id='word_1_86' title='bbox 1197 1521 1231 1582; x_wconf 93' lang='lat' dir='ltr'>in</span> <span class='ocrx_word' id='word_1_87' title='bbox 1245 1520 1284 1584; x_wconf 91' lang='lat' dir='ltr'>iis</span> <span class='ocrx_word' id='word_1_88' title='bbox 1300 1523 1406 1584; x_wconf 91' lang='lat' dir='ltr'>nitun-</span> 
     </span>
     <span class='ocr_line' id='line_1_12' title="bbox 185 1637 1471 1726; baseline -0.002 -22"><span class='ocrx_word' id='word_1_89' title='bbox 185 1648 249 1723; x_wconf 85' lang='lat' dir='ltr'>tur,</span> <span class='ocrx_word' id='word_1_90' title='bbox 280 1661 361 1726; x_wconf 89' lang='lat' dir='ltr'>quae</span> <span class='ocrx_word' id='word_1_91' title='bbox 396 1662 491 1725; x_wconf 90' lang='lat' dir='ltr'>supra</span> <span class='ocrx_word' id='word_1_92' title='bbox 525 1640 563 1703; x_wconf 94' lang='lat' dir='ltr'>de</span> <span class='ocrx_word' id='word_1_93' title='bbox 597 1640 703 1704; x_wconf 89' lang='lat' dir='ltr'>animo</span> <span class='ocrx_word' id='word_1_94' title='bbox 727 1639 809 1701; x_wconf 82' lang='lat' dir='ltr'>dixit</span> <span class='ocrx_word' id='word_1_95' title='bbox 837 1645 869 1701; x_wconf 90' lang='lat' dir='ltr'>et</span> <span class='ocrx_word' id='word_1_96' title='bbox 892 1639 986 1723; x_wconf 91' lang='lat' dir='ltr'>plane</span> <span class='ocrx_word' id='word_1_97' title='bbox 1011 1660 1084 1703; x_wconf 92' lang='lat' dir='ltr'>cum</span> <span class='ocrx_word' id='word_1_98' title='bbox 1109 1638 1241 1723; x_wconf 84' lang='lat' dir='ltr'>Epicuri</span> <span class='ocrx_word' id='word_1_99' title='bbox 1264 1637 1407 1702; x_wconf 88' lang='lat' dir='ltr'>doctrina</span> <span class='ocrx_word' id='word_1_100' title='bbox 1468 1658 1471 1664; x_wconf 89' lang='lat'>·</span> 
     </span>
     <span class='ocr_line' id='line_1_13' title="bbox 184 1756 1405 1841; baseline -0.003 -20"><span class='ocrx_word' id='word_1_101' title='bbox 184 1763 371 1841; x_wconf 90' lang='lat' dir='ltr'>congruunt.</span> <span class='ocrx_word' id='word_1_102' title='bbox 416 1757 503 1820; x_wconf 90' lang='lat' dir='ltr'>Num</span> <span class='ocrx_word' id='word_1_103' title='bbox 538 1763 644 1821; x_wconf 89' lang='lat' dir='ltr'>tamen</span> <span class='ocrx_word' id='word_1_104' title='bbox 676 1757 782 1820; x_wconf 89' lang='lat' dir='ltr'>omnia</span> <span class='ocrx_word' id='word_1_105' title='bbox 813 1777 854 1820; x_wconf 84' lang='lat' dir='ltr'>ex</span> <span class='ocrx_word' id='word_1_106' title='bbox 888 1756 1019 1841; x_wconf 85' lang='lat' dir='ltr'>Epicuri</span> <span class='ocrx_word' id='word_1_107' title='bbox 1043 1756 1169 1841; x_wconf 90' lang='lat' dir='ltr'>scriptis</span> <span class='ocrx_word' id='word_1_108' title='bbox 1192 1756 1405 1840; x_wconf 81' lang='lat' dir='ltr'>excerpserit,</span> 
     </span>
     <span class='ocr_line' id='line_1_14' title="bbox 183 1872 1405 1958; baseline -0.001 -21"><span class='ocrx_word' id='word_1_109' title='bbox 183 1875 239 1937; x_wconf 87' lang='lat' dir='ltr'>vix</span> <span class='ocrx_word' id='word_1_110' title='bbox 273 1874 430 1938; x_wconf 88' lang='lat' dir='ltr'>affirmare</span> <span class='ocrx_word' id='word_1_111' title='bbox 464 1895 630 1958; x_wconf 92' lang='lat' dir='ltr'>possumus</span> <span class='ocrx_word' id='word_1_112' title='bbox 664 1874 913 1958; x_wconf 83' lang='lat' dir='ltr'>fragmentorum</span> <span class='ocrx_word' id='word_1_113' title='bbox 947 1873 1108 1958; x_wconf 87' lang='lat' dir='ltr'>paucitate</span> <span class='ocrx_word' id='word_1_114' title='bbox 1131 1872 1299 1957; x_wconf 88' lang='lat' dir='ltr'>impediti:</span> <span class='ocrx_word' id='word_1_115' title='bbox 1337 1873 1405 1957; x_wconf 89' lang='lat' dir='ltr'>ipse</span> 
     </span>
     <span class='ocr_line' id='line_1_15' title="bbox 185 1989 1404 2076; baseline -0.002 -20"><span class='ocrx_word' id='word_1_116' title='bbox 185 1997 293 2056; x_wconf 89' lang='lat' dir='ltr'>autem</span> <span class='ocrx_word' id='word_1_117' title='bbox 328 1991 404 2055; x_wconf 93' lang='lat' dir='ltr'>dicit</span> <span class='ocrx_word' id='word_1_118' title='bbox 438 2011 476 2055; x_wconf 89' lang='lat' dir='ltr'>ea</span> <span class='ocrx_word' id='word_1_119' title='bbox 512 1990 708 2076; x_wconf 86' lang='lat' dir='ltr'>,conquisita</span> <span class='ocrx_word' id='word_1_120' title='bbox 741 1990 795 2053; x_wconf 91' lang='lat' dir='ltr'>diu</span> <span class='ocrx_word' id='word_1_121' title='bbox 826 1990 973 2076; x_wconf 83' lang='lat' dir='ltr'>dulcique</span> <span class='ocrx_word' id='word_1_122' title='bbox 1009 1991 1101 2072; x_wconf 90' lang='grc' dir='ltr'><strong>(εεεε)</strong></span> <span class='ocrx_word' id='word_1_123' title='bbox 1124 1996 1253 2075; x_wconf 86' lang='lat' dir='ltr'>reperta</span> <span class='ocrx_word' id='word_1_124' title='bbox 1275 1989 1404 2053; x_wconf 87' lang='lat' dir='ltr'>labore&#39;’</span> 
     </span>
     <span class='ocr_line' id='line_1_16' title="bbox 145 2106 1406 2194; baseline -0.001 -23"><span class='ocrx_word' id='word_1_125' title='bbox 145 2185 150 2191; x_wconf 18' lang='grc' dir='ltr'>ι</span> <span class='ocrx_word' id='word_1_126' title='bbox 187 2110 287 2191; x_wconf 83' lang='grc'><strong>(419),</strong></span> <span class='ocrx_word' id='word_1_127' title='bbox 310 2109 425 2194; x_wconf 90' lang='lat' dir='ltr'>quibus</span> <span class='ocrx_word' id='word_1_128' title='bbox 437 2108 543 2171; x_wconf 86' lang='lat' dir='ltr'>verbis</span> <span class='ocrx_word' id='word_1_129' title='bbox 556 2107 705 2171; x_wconf 88' lang='lat' dir='ltr'>docemur</span> <span class='ocrx_word' id='word_1_130' title='bbox 715 2114 834 2193; x_wconf 91' lang='lat' dir='ltr'>quanta</span> <span class='ocrx_word' id='word_1_131' title='bbox 849 2107 1004 2171; x_wconf 89' lang='lat' dir='ltr'>industria</span> <span class='ocrx_word' id='word_1_132' title='bbox 1018 2108 1052 2170; x_wconf 91' lang='lat' dir='ltr'>in</span> <span class='ocrx_word' id='word_1_133' title='bbox 1065 2106 1148 2170; x_wconf 90' lang='lat' dir='ltr'>hanc</span> <span class='ocrx_word' id='word_1_134' title='bbox 1164 2107 1268 2192; x_wconf 90' lang='lat' dir='ltr'>operis</span> <span class='ocrx_word' id='word_1_135' title='bbox 1282 2113 1406 2192; x_wconf 89' lang='lat' dir='ltr'>partem</span> 
     </span>
     <span class='ocr_line' id='line_1_17' title="bbox 185 2223 1407 2310; baseline 0 -22"><span class='ocrx_word' id='word_1_136' title='bbox 185 2225 367 2289; x_wconf 90' lang='lat' dir='ltr'>incubuerit</span> <span class='ocrx_word' id='word_1_137' title='bbox 401 2231 517 2310; x_wconf 92' lang='lat' dir='ltr'>poeta,</span> <span class='ocrx_word' id='word_1_138' title='bbox 552 2232 648 2310; x_wconf 89' lang='lat' dir='ltr'>atque</span> <span class='ocrx_word' id='word_1_139' title='bbox 679 2246 717 2288; x_wconf 90' lang='lat' dir='ltr'>oa</span> <span class='ocrx_word' id='word_1_140' title='bbox 740 2230 929 2308; x_wconf 90' lang='lat' dir='ltr'>argumenta</span> <span class='ocrx_word' id='word_1_141' title='bbox 951 2245 1014 2287; x_wconf 92' lang='lat' dir='ltr'>non</span> <span class='ocrx_word' id='word_1_142' title='bbox 1038 2223 1187 2310; x_wconf 87' lang='lat' dir='ltr'>deinceps</span> <span class='ocrx_word' id='word_1_143' title='bbox 1211 2245 1252 2288; x_wconf 84' lang='lat' dir='ltr'>ex</span> <span class='ocrx_word' id='word_1_144' title='bbox 1275 2223 1407 2310; x_wconf 86' lang='lat' dir='ltr'>Epicuri</span> 
     </span>
     <span class='ocr_line' id='line_1_18' title="bbox 183 2344 886 2430; baseline 0 -24"><span class='ocrx_word' id='word_1_145' title='bbox 183 2344 273 2407; x_wconf 90' lang='lat' dir='ltr'>libris</span> <span class='ocrx_word' id='word_1_146' title='bbox 295 2350 365 2430; x_wconf 82' lang='grc' dir='ltr'><strong>περὶ</strong></span> <span class='ocrx_word' id='word_1_147' title='bbox 389 2347 514 2430; x_wconf 81' lang='grc' dir='ltr'><strong>φύσεως</strong></span> <span class='ocrx_word' id='word_1_148' title='bbox 536 2344 742 2428; x_wconf 87' lang='lat' dir='ltr'>transscripta</span> <span class='ocrx_word' id='word_1_149' title='bbox 765 2364 833 2407; x_wconf 89' lang='lat' dir='ltr'>esse</span> <span class='ocrx_word' id='word_1_150' title='bbox 853 2344 886 2426; x_wconf 87' lang='lat'>¹).</span> 
     </span>
    </p>

    <p class='ocr_par' dir='ltr' id='par_1_6' title="bbox 182 2460 1406 4070">
     <span class='ocr_line' id='line_1_19' title="bbox 226 2460 1406 2546; baseline -0.001 -22"><span class='ocrx_word' id='word_1_151' title='bbox 226 2461 371 2524; x_wconf 90' lang='lat' dir='ltr'>Primum</span> <span class='ocrx_word' id='word_1_152' title='bbox 405 2461 518 2546; x_wconf 90' lang='lat' dir='ltr'>probat</span> <span class='ocrx_word' id='word_1_153' title='bbox 553 2462 694 2525; x_wconf 88' lang='lat' dir='ltr'>animum</span> <span class='ocrx_word' id='word_1_154' title='bbox 723 2461 769 2524; x_wconf 91' lang='lat' dir='ltr'>ita</span> <span class='ocrx_word' id='word_1_155' title='bbox 803 2481 875 2523; x_wconf 92' lang='lat' dir='ltr'>cum</span> <span class='ocrx_word' id='word_1_156' title='bbox 898 2481 1029 2545; x_wconf 90' lang='lat' dir='ltr'>corpore</span> <span class='ocrx_word' id='word_1_157' title='bbox 1053 2460 1255 2524; x_wconf 88' lang='lat' dir='ltr'>coniunctum</span> <span class='ocrx_word' id='word_1_158' title='bbox 1279 2480 1347 2523; x_wconf 90' lang='lat' dir='ltr'>esse</span> <span class='ocrx_word' id='word_1_159' title='bbox 1370 2467 1406 2523; x_wconf 93' lang='lat' dir='ltr'>ut</span> 
     </span>
     <span class='ocr_line' id='line_1_20' title="bbox 184 2577 1406 2662; baseline 0 -22"><span class='ocrx_word' id='word_1_160' title='bbox 184 2600 354 2662; x_wconf 85' lang='lat' dir='ltr'>unacum</span> <span class='ocrx_word' id='word_1_161' title='bbox 390 2599 427 2642; x_wconf 90' lang='lat' dir='ltr'>eo</span> <span class='ocrx_word' id='word_1_162' title='bbox 460 2579 564 2642; x_wconf 81' lang='lat' dir='ltr'>varias</span> <span class='ocrx_word' id='word_1_163' title='bbox 599 2579 711 2642; x_wconf 89' lang='lat' dir='ltr'>subeat</span> <span class='ocrx_word' id='word_1_164' title='bbox 744 2578 957 2660; x_wconf 88' lang='lat' dir='ltr'>mutationes,</span> <span class='ocrx_word' id='word_1_165' title='bbox 986 2577 1070 2662; x_wconf 92' lang='lat' dir='ltr'>quod</span> <span class='ocrx_word' id='word_1_166' title='bbox 1093 2599 1189 2662; x_wconf 90' lang='lat' dir='ltr'>supra</span> <span class='ocrx_word' id='word_1_167' title='bbox 1211 2577 1274 2641; x_wconf 92' lang='lat' dir='ltr'>iam</span> <span class='ocrx_word' id='word_1_168' title='bbox 1296 2577 1406 2662; x_wconf 90' lang='lat' dir='ltr'>paucis</span> 
     </span>
     <span class='ocr_line' id='line_1_21' title="bbox 183 2694 1405 2781; baseline -0.002 -23"><span class='ocrx_word' id='word_1_169' title='bbox 183 2695 337 2760; x_wconf 84' lang='lat' dir='ltr'>indicavit</span> <span class='ocrx_word' id='word_1_170' title='bbox 371 2702 428 2774; x_wconf 93' lang='grc' dir='ltr'><strong>(νε.</strong></span> <span class='ocrx_word' id='word_1_171' title='bbox 464 2697 656 2777; x_wconf 69' lang='lat' dir='ltr'>clu—668).</span> <span class='ocrx_word' id='word_1_172' title='bbox 693 2694 788 2758; x_wconf 90' lang='lat' dir='ltr'>Vasis</span> <span class='ocrx_word' id='word_1_173' title='bbox 821 2694 949 2778; x_wconf 83' lang='lat' dir='ltr'>imago,</span> <span class='ocrx_word' id='word_1_174' title='bbox 985 2697 1049 2758; x_wconf 82' lang='lat'>440</span> <span class='ocrx_word' id='word_1_175' title='bbox 1073 2715 1158 2781; x_wconf 89' lang='lat' dir='ltr'>seqq.</span> <span class='ocrx_word' id='word_1_176' title='bbox 1183 2715 1255 2758; x_wconf 92' lang='lat' dir='ltr'>cum</span> <span class='ocrx_word' id='word_1_177' title='bbox 1278 2694 1405 2758; x_wconf 89' lang='lat' dir='ltr'>omnino</span> 
     </span>
     <span class='ocr_line' id='line_1_22' title="bbox 184 2811 1406 2898; baseline -0.002 -22"><span class='ocrx_word' id='word_1_178' title='bbox 184 2813 302 2898; x_wconf 90' lang='lat' dir='ltr'>optimc</span> <span class='ocrx_word' id='word_1_179' title='bbox 326 2814 485 2898; x_wconf 86' lang='lat' dir='ltr'>exprimat</span> <span class='ocrx_word' id='word_1_180' title='bbox 508 2812 739 2898; x_wconf 85' lang='lat' dir='ltr'>Epicureorum</span> <span class='ocrx_word' id='word_1_181' title='bbox 773 2813 975 2898; x_wconf 87' lang='lat' dir='ltr'>opinionem,</span> <span class='ocrx_word' id='word_1_182' title='bbox 999 2812 1054 2898; x_wconf 94' lang='lat' dir='ltr'>qui</span> <span class='ocrx_word' id='word_1_183' title='bbox 1077 2813 1176 2877; x_wconf 89' lang='lat' dir='ltr'>animi</span> <span class='ocrx_word' id='word_1_184' title='bbox 1197 2811 1406 2876; x_wconf 81' lang='lat' dir='ltr'>atomos&#39;cor-</span> 
     </span>
     <span class='ocr_line' id='line_1_23' title="bbox 182 2930 1405 3016; baseline 0.001 -22"><span class='ocrx_word' id='word_1_185' title='bbox 182 2952 258 3015; x_wconf 92' lang='lat' dir='ltr'>pore</span> <span class='ocrx_word' id='word_1_186' title='bbox 292 2931 448 2995; x_wconf 90' lang='lat' dir='ltr'>contineri</span> <span class='ocrx_word' id='word_1_187' title='bbox 481 2930 652 3012; x_wconf 83' lang='lat' dir='ltr'>volebant,</span> <span class='ocrx_word' id='word_1_188' title='bbox 688 2951 760 2994; x_wconf 93' lang='lat' dir='ltr'>cum</span> <span class='ocrx_word' id='word_1_189' title='bbox 794 2930 894 2994; x_wconf 83' lang='lat' dir='ltr'>Stoici</span> <span class='ocrx_word' id='word_1_190' title='bbox 927 2932 1069 2995; x_wconf 90' lang='lat' dir='ltr'>animum</span> <span class='ocrx_word' id='word_1_191' title='bbox 1099 2931 1242 2995; x_wconf 86' lang='lat' dir='ltr'>dicerent</span> <span class='ocrx_word' id='word_1_192' title='bbox 1265 2931 1405 3016; x_wconf 89' lang='lat' dir='ltr'>corporis</span> 
     </span>
     <span class='ocr_line' id='line_1_24' title="bbox 183 3048 1406 3134; baseline -0.001 -22"><span class='ocrx_word' id='word_1_193' title='bbox 183 3054 304 3112; x_wconf 89' lang='lat' dir='ltr'>atomos</span> <span class='ocrx_word' id='word_1_194' title='bbox 326 3048 506 3130; x_wconf 89' lang='lat' dir='ltr'>continere,</span> <span class='ocrx_word' id='word_1_195' title='bbox 534 3048 659 3134; x_wconf 86' lang='lat' dir='ltr'>saepius</span> <span class='ocrx_word' id='word_1_196' title='bbox 682 3049 721 3112; x_wconf 90' lang='lat' dir='ltr'>ab</span> <span class='ocrx_word' id='word_1_197' title='bbox 745 3069 782 3112; x_wconf 90' lang='lat' dir='ltr'>eo</span> <span class='ocrx_word' id='word_1_198' title='bbox 805 3054 976 3134; x_wconf 89' lang='lat' dir='ltr'>usurpatur</span> <span class='ocrx_word' id='word_1_199' title='bbox 998 3055 1031 3112; x_wconf 92' lang='lat' dir='ltr'>et</span> <span class='ocrx_word' id='word_1_200' title='bbox 1053 3049 1093 3111; x_wconf 91' lang='lat' dir='ltr'>ab</span> <span class='ocrx_word' id='word_1_201' title='bbox 1117 3048 1187 3112; x_wconf 89' lang='lat' dir='ltr'>aliis</span> <span class='ocrx_word' id='word_1_202' title='bbox 1209 3048 1406 3134; x_wconf 89' lang='lat' dir='ltr'>philosophis</span> 
     </span>
     <span class='ocr_line' id='line_1_25' title="bbox 184 3166 1406 3253; baseline 0 -23"><span class='ocrx_word' id='word_1_203' title='bbox 184 3166 241 3248; x_wconf 78' lang='lat' dir='ltr'>(Of.</span> <span class='ocrx_word' id='word_1_204' title='bbox 265 3167 370 3230; x_wconf 86' lang='lat' dir='ltr'>Munr.</span> <span class='ocrx_word' id='word_1_205' title='bbox 395 3166 435 3230; x_wconf 89' lang='lat' dir='ltr'>ad</span> <span class='ocrx_word' id='word_1_206' title='bbox 456 3188 503 3229; x_wconf 92' lang='grc' dir='ltr'>νε.</span> <span class='ocrx_word' id='word_1_207' title='bbox 527 3168 615 3249; x_wconf 85' lang='grc'><strong>440).</strong></span> <span class='ocrx_word' id='word_1_208' title='bbox 640 3166 743 3229; x_wconf 73' lang='lat' dir='ltr'>Simili</span> <span class='ocrx_word' id='word_1_209' title='bbox 766 3167 906 3251; x_wconf 90' lang='lat' dir='ltr'>imagine</span> <span class='ocrx_word' id='word_1_210' title='bbox 930 3173 962 3230; x_wconf 91' lang='lat' dir='ltr'>et</span> <span class='ocrx_word' id='word_1_211' title='bbox 985 3167 1097 3230; x_wconf 90' lang='lat' dir='ltr'>eodem</span> <span class='ocrx_word' id='word_1_212' title='bbox 1120 3172 1308 3251; x_wconf 89' lang='lat' dir='ltr'>argumento</span> <span class='ocrx_word' id='word_1_213' title='bbox 1330 3166 1406 3253; x_wconf 82' lang='lat' dir='ltr'>Epi-</span> 
     </span>
     <span class='ocr_line' id='line_1_26' title="bbox 186 3282 1406 3370; baseline 0.001 -23"><span class='ocrx_word' id='word_1_214' title='bbox 186 3305 296 3347; x_wconf 86' lang='lat' dir='ltr'>curum</span> <span class='ocrx_word' id='word_1_215' title='bbox 319 3306 412 3348; x_wconf 91' lang='lat' dir='ltr'>usum</span> <span class='ocrx_word' id='word_1_216' title='bbox 435 3304 504 3347; x_wconf 90' lang='lat' dir='ltr'>esse</span> <span class='ocrx_word' id='word_1_217' title='bbox 528 3282 615 3348; x_wconf 82' lang='lat' dir='ltr'>Stob.</span> <span class='ocrx_word' id='word_1_218' title='bbox 640 3283 708 3347; x_wconf 81' lang='lat' dir='ltr'>idol.</span> <span class='ocrx_word' id='word_1_219' title='bbox 732 3307 762 3370; x_wconf 94' lang='lat' dir='ltr'>p.</span> <span class='ocrx_word' id='word_1_220' title='bbox 788 3286 850 3347; x_wconf 81' lang='lat'>922</span> <span class='ocrx_word' id='word_1_221' title='bbox 874 3289 1028 3347; x_wconf 91' lang='lat' dir='ltr'>testatur:</span> <span class='ocrx_word' id='word_1_222' title='bbox 1057 3288 1114 3365; x_wconf 84' lang='lat' dir='ltr'>,Et</span> <span class='ocrx_word' id='word_1_223' title='bbox 1138 3282 1169 3350; x_wconf 79' lang='grc' dir='ltr'>δὲ</span> <span class='ocrx_word' id='word_1_224' title='bbox 1192 3287 1406 3370; x_wconf 81' lang='grc' dir='ltr'>παρέσπαρται</span> 
     </span>
     <span class='ocr_line' id='line_1_27' title="bbox 182 3401 1406 3488; baseline 0 -22"><span class='ocrx_word' id='word_1_225' title='bbox 182 3407 236 3483; x_wconf 82' lang='grc' dir='ltr'><strong>μὲν</strong></span> <span class='ocrx_word' id='word_1_226' title='bbox 261 3407 308 3467; x_wconf 78' lang='grc' dir='ltr'>καὶ</span> <span class='ocrx_word' id='word_1_227' title='bbox 333 3403 452 3467; x_wconf 78' lang='grc' dir='ltr'><strong>ἔνεστιν</strong></span> <span class='ocrx_word' id='word_1_228' title='bbox 480 3405 498 3477; x_wconf 82' lang='grc' dir='ltr'>ἡ</span> <span class='ocrx_word' id='word_1_229' title='bbox 522 3404 611 3488; x_wconf 76' lang='grc' dir='ltr'>ψυχὴ</span> <span class='ocrx_word' id='word_1_230' title='bbox 634 3407 677 3488; x_wconf 81' lang='lat' dir='ltr'>rqi</span> <span class='ocrx_word' id='word_1_231' title='bbox 701 3403 816 3484; x_wconf 82' lang='grc' dir='ltr'><strong>σώματι</strong></span> <span class='ocrx_word' id='word_1_232' title='bbox 840 3403 979 3487; x_wconf 61' lang='grc' dir='ltr'><strong>καθάπερ</strong></span> <span class='ocrx_word' id='word_1_233' title='bbox 1003 3405 1036 3466; x_wconf 80' lang='grc' dir='ltr'><strong>ἐν</strong></span> <span class='ocrx_word' id='word_1_234' title='bbox 1059 3401 1146 3487; x_wconf 69' lang='grc' dir='ltr'>ἀσκῷ</span> <span class='ocrx_word' id='word_1_235' title='bbox 1169 3408 1287 3482; x_wconf 82' lang='grc' dir='ltr'><strong>πνεῦμα</strong></span> <span class='ocrx_word' id='word_1_236' title='bbox 1310 3429 1406 3486; x_wconf 81' lang='grc' dir='ltr'><strong>περιε-</strong></span> 
     </span>
     <span class='ocr_line' id='line_1_28' title="bbox 183 3518 1405 3603; baseline 0 -21"><span class='ocrx_word' id='word_1_237' title='bbox 183 3521 299 3602; x_wconf 77' lang='grc' dir='ltr'><strong>χομένη</strong></span> <span class='ocrx_word' id='word_1_238' title='bbox 334 3518 352 3593; x_wconf 83' lang='grc' dir='ltr'>ἢ</span> <span class='ocrx_word' id='word_1_239' title='bbox 387 3521 618 3603; x_wconf 81' lang='grc' dir='ltr'><strong>σνμμιγνυμὲνη</strong></span> <span class='ocrx_word' id='word_1_240' title='bbox 652 3520 733 3602; x_wconf 86' lang='grc' dir='ltr'><strong>πρὸς</strong></span> <span class='ocrx_word' id='word_1_241' title='bbox 757 3519 855 3596; x_wconf 74' lang='grc' dir='ltr'>αὐτό,</span> <span class='ocrx_word' id='word_1_242' title='bbox 888 3522 936 3582; x_wconf 78' lang='grc' dir='ltr'>καὶ</span> <span class='ocrx_word' id='word_1_243' title='bbox 961 3519 1160 3602; x_wconf 80' lang='grc' dir='ltr'><strong>ἐγκιναυμένη</strong></span> <span class='ocrx_word' id='word_1_244' title='bbox 1184 3518 1287 3602; x_wconf 79' lang='grc' dir='ltr'><strong>ὥσπερ</strong></span> <span class='ocrx_word' id='word_1_245' title='bbox 1310 3519 1347 3580; x_wconf 80' lang='grc' dir='ltr'>τὰ</span> <span class='ocrx_word' id='word_1_246' title='bbox 1372 3519 1405 3582; x_wconf 82' lang='grc' dir='ltr'><strong>ἐν</strong></span> 
     </span>
     <span class='ocr_line' id='line_1_29' title="bbox 183 3633 1405 3722; baseline 0.001 -23"><span class='ocrx_word' id='word_1_247' title='bbox 183 3641 225 3721; x_wconf 70' lang='grc' dir='ltr'>τῷ</span> <span class='ocrx_word' id='word_1_248' title='bbox 258 3637 322 3721; x_wconf 75' lang='grc' dir='ltr'>ἀέρι</span> <span class='ocrx_word' id='word_1_249' title='bbox 358 3634 498 3719; x_wconf 62' lang='lat' dir='ltr'>{doncro</span> <span class='ocrx_word' id='word_1_250' title='bbox 534 3635 583 3703; x_wconf 75' lang='lat' dir='ltr'>did</span> <span class='ocrx_word' id='word_1_251' title='bbox 617 3642 681 3702; x_wconf 79' lang='grc' dir='ltr'><strong>τῶν</strong></span> <span class='ocrx_word' id='word_1_252' title='bbox 715 3634 855 3722; x_wconf 62' lang='grc' dir='ltr'><strong>θυρίδων</strong></span> <span class='ocrx_word' id='word_1_253' title='bbox 878 3638 1068 3722; x_wconf 80' lang='grc' dir='ltr'>φαινόμενα,</span> <span class='ocrx_word' id='word_1_254' title='bbox 1105 3633 1204 3711; x_wconf 72' lang='grc' dir='ltr'><strong>δῆλόν</strong></span> <span class='ocrx_word' id='word_1_255' title='bbox 1227 3663 1289 3700; x_wconf 83' lang='grc' dir='ltr'>που</span> <span class='ocrx_word' id='word_1_256' title='bbox 1311 3641 1405 3700; x_wconf 80' lang='grc' dir='ltr'>τοῦτο</span> 
     </span>
     <span class='ocr_line' id='line_1_30' title="bbox 185 3748 1406 3838; baseline -0.001 -22"><span class='ocrx_word' id='word_1_257' title='bbox 185 3754 231 3816; x_wconf 80' lang='grc' dir='ltr'>ὅτι</span> <span class='ocrx_word' id='word_1_258' title='bbox 266 3749 377 3825; x_wconf 74' lang='grc' dir='ltr'><strong>’ἔξεισιν</strong></span> <span class='ocrx_word' id='word_1_259' title='bbox 405 3758 462 3835; x_wconf 80' lang='grc' dir='ltr'><strong>μὲν</strong></span> <span class='ocrx_word' id='word_1_260' title='bbox 496 3752 638 3818; x_wconf 80' lang='grc' dir='ltr'>ἀπὸτοῦ</span> <span class='ocrx_word' id='word_1_261' title='bbox 664 3754 829 3835; x_wconf 78' lang='grc' dir='ltr'><strong>σώματος,</strong></span> <span class='ocrx_word' id='word_1_262' title='bbox 860 3755 892 3816; x_wconf 78' lang='grc' dir='ltr'><strong>ἐν</strong></span> <span class='ocrx_word' id='word_1_263' title='bbox 916 3749 947 3817; x_wconf 76' lang='grc' dir='ltr'>δὲ</span> <span class='ocrx_word' id='word_1_264' title='bbox 970 3757 1014 3838; x_wconf 75' lang='lat' dir='ltr'>rqi</span> <span class='ocrx_word' id='word_1_265' title='bbox 1037 3749 1194 3837; x_wconf 80' lang='grc' dir='ltr'><strong>ἐκβαίνειν</strong></span> <span class='ocrx_word' id='word_1_266' title='bbox 1218 3748 1406 3836; x_wconf 74' lang='grc' dir='ltr'><strong>διαφορεῖται</strong></span> 
     </span>
     <span class='ocr_line' id='line_1_31' title="bbox 183 3864 1406 3954; baseline 0.001 -23"><span class='ocrx_word' id='word_1_267' title='bbox 183 3871 230 3931; x_wconf 81' lang='grc' dir='ltr'>καὶ</span> <span class='ocrx_word' id='word_1_268' title='bbox 262 3864 514 3934; x_wconf 70' lang='grc' dir='ltr'><strong>διασκεδάνννται</strong></span> <span class='ocrx_word' id='word_1_269' title='bbox 538 3867 758 3951; x_wconf 59' lang='grc'><strong>(578-619),</strong></span> <span class='ocrx_word' id='word_1_270' title='bbox 788 3871 890 3954; x_wconf 80' lang='grc' dir='ltr'><strong>ὥσπερ</strong></span> <span class='ocrx_word' id='word_1_271' title='bbox 924 3871 1122 3953; x_wconf 83' lang='grc' dir='ltr'><strong>Δημόκριτος</strong></span> <span class='ocrx_word' id='word_1_272' title='bbox 1145 3872 1192 3932; x_wconf 82' lang='grc' dir='ltr'>καὶ</span> <span class='ocrx_word' id='word_1_273' title='bbox 1216 3868 1406 3952; x_wconf 83' lang='grc' dir='ltr'>Ἐπίκουρος</span> 
     </span>
     <span class='ocr_line' id='line_1_32' title="bbox 184 3983 1405 4070; baseline 0 -23"><span class='ocrx_word' id='word_1_274' title='bbox 184 3983 396 4070; x_wconf 81' lang='grc' dir='ltr'><strong>ἀποφαίνεται.</strong></span> <span class='ocrx_word' id='word_1_275' title='bbox 440 3985 566 4049; x_wconf 91' lang='lat' dir='ltr'>Deinde</span> <span class='ocrx_word' id='word_1_276' title='bbox 598 3986 670 4066; x_wconf 82' lang='lat' dir='ltr'>(hoc</span> <span class='ocrx_word' id='word_1_277' title='bbox 693 3986 829 4050; x_wconf 89' lang='lat' dir='ltr'>alterum</span> <span class='ocrx_word' id='word_1_278' title='bbox 853 3991 901 4048; x_wconf 90' lang='lat' dir='ltr'>est</span> <span class='ocrx_word' id='word_1_279' title='bbox 924 3986 1156 4068; x_wconf 87' lang='lat' dir='ltr'>argumentum)</span> <span class='ocrx_word' id='word_1_280' title='bbox 1181 4004 1252 4046; x_wconf 92' lang='lat' dir='ltr'>cum</span> <span class='ocrx_word' id='word_1_281' title='bbox 1276 4004 1405 4069; x_wconf 90' lang='lat' dir='ltr'>corpore</span> 
     </span>
    </p>
   </div>
   <div class='ocr_carea' id='block_1_5' title="bbox 184 4200 379 4208">
    <p class='ocr_par' dir='ltr' id='par_1_7' title="bbox 184 4200 379 4208">
     <span class='ocr_line' id='line_1_33' title="bbox 184 4200 379 4208; baseline -0.005 0"><span class='ocrx_word' id='word_1_282' title='bbox 184 4200 379 4208; x_wconf 45' lang='grc' dir='ltr'>-ί</span> 
     </span>
    </p>
   </div>
   <div class='ocr_carea' id='block_1_6' title="bbox 183 4307 1404 4564">
    <p class='ocr_par' dir='ltr' id='par_1_8' title="bbox 183 4307 1404 4564">
     <span class='ocr_line' id='line_1_34' title="bbox 215 4307 1402 4373; baseline -0.003 -14"><span class='ocrx_word' id='word_1_283' title='bbox 215 4312 233 4373; x_wconf 91' lang='lat'>¹)</span> <span class='ocrx_word' id='word_1_284' title='bbox 269 4310 391 4360; x_wconf 85' lang='lat' dir='ltr'>Refellers</span> <span class='ocrx_word' id='word_1_285' title='bbox 407 4309 469 4358; x_wconf 91' lang='lat' dir='ltr'>mihi</span> <span class='ocrx_word' id='word_1_286' title='bbox 486 4309 584 4359; x_wconf 88' lang='lat' dir='ltr'>videtur</span> <span class='ocrx_word' id='word_1_287' title='bbox 600 4308 640 4358; x_wconf 92' lang='lat' dir='ltr'>hic</span> <span class='ocrx_word' id='word_1_288' title='bbox 657 4325 741 4358; x_wconf 89' lang='lat' dir='ltr'>versus</span> <span class='ocrx_word' id='word_1_289' title='bbox 758 4325 814 4358; x_wconf 90' lang='lat' dir='ltr'>cum</span> <span class='ocrx_word' id='word_1_290' title='bbox 832 4308 956 4358; x_wconf 84' lang='lat' dir='ltr'>Martham</span> <span class='ocrx_word' id='word_1_291' title='bbox 974 4307 1007 4372; x_wconf 89' lang='lat' dir='ltr'>(le</span> <span class='ocrx_word' id='word_1_292' title='bbox 1024 4307 1111 4370; x_wconf 72' lang='lat' dir='ltr'>podme</span> <span class='ocrx_word' id='word_1_293' title='bbox 1128 4308 1157 4357; x_wconf 90' lang='lat' dir='ltr'>de</span> <span class='ocrx_word' id='word_1_294' title='bbox 1169 4307 1277 4357; x_wconf 70' lang='lat' dir='ltr'>Lucrbce</span> <span class='ocrx_word' id='word_1_295' title='bbox 1288 4311 1334 4357; x_wconf 86' lang='lat' dir='ltr'>etc.</span> <span class='ocrx_word' id='word_1_296' title='bbox 1346 4323 1402 4372; x_wconf 86' lang='lat' dir='ltr'>pag.</span> 
     </span>
     <span class='ocr_line' id='line_1_35' title="bbox 186 4403 1403 4469; baseline -0.002 -15"><span class='ocrx_word' id='word_1_297' title='bbox 186 4410 237 4465; x_wconf 77' lang='lat'>134)</span> <span class='ocrx_word' id='word_1_298' title='bbox 263 4405 384 4455; x_wconf 91' lang='lat' dir='ltr'>dicentem</span> <span class='ocrx_word' id='word_1_299' title='bbox 405 4404 441 4467; x_wconf 91' lang='lat' dir='ltr'>„il</span> <span class='ocrx_word' id='word_1_300' title='bbox 461 4421 493 4454; x_wconf 90' lang='lat' dir='ltr'>ne</span> <span class='ocrx_word' id='word_1_301' title='bbox 509 4405 556 4454; x_wconf 83' lang='lat' dir='ltr'>fait</span> <span class='ocrx_word' id='word_1_302' title='bbox 571 4404 756 4468; x_wconf 89' lang='lat' dir='ltr'>probablement</span> <span class='ocrx_word' id='word_1_303' title='bbox 772 4420 820 4469; x_wconf 90' lang='lat' dir='ltr'>que</span> <span class='ocrx_word' id='word_1_304' title='bbox 837 4409 924 4454; x_wconf 90' lang='lat' dir='ltr'>mettre</span> <span class='ocrx_word' id='word_1_305' title='bbox 941 4419 972 4453; x_wconf 90' lang='lat' dir='ltr'>en</span> <span class='ocrx_word' id='word_1_306' title='bbox 988 4419 1045 4453; x_wconf 83' lang='lat' dir='ltr'>vers</span> <span class='ocrx_word' id='word_1_307' title='bbox 1062 4403 1168 4468; x_wconf 91' lang='lat' dir='ltr'>quelque</span> <span class='ocrx_word' id='word_1_308' title='bbox 1184 4403 1246 4454; x_wconf 83' lang='lat' dir='ltr'>livre</span> <span class='ocrx_word' id='word_1_309' title='bbox 1262 4404 1403 4466; x_wconf 75' lang='lat' dir='ltr'>epicurien&#39;’</span> 
     </span>
     <span class='ocr_line' id='line_1_36' title="bbox 183 4498 1404 4564; baseline 0.002 -14"><span class='ocrx_word' id='word_1_310' title='bbox 183 4508 236 4550; x_wconf 89' lang='lat' dir='ltr'>tum</span> <span class='ocrx_word' id='word_1_311' title='bbox 261 4501 345 4550; x_wconf 89' lang='lat' dir='ltr'>Munr.</span> <span class='ocrx_word' id='word_1_312' title='bbox 363 4501 542 4550; x_wconf 80' lang='lat' dir='ltr'>affirmantem:</span> <span class='ocrx_word' id='word_1_313' title='bbox 568 4501 662 4549; x_wconf 89' lang='lat' dir='ltr'>lhave</span> <span class='ocrx_word' id='word_1_314' title='bbox 679 4516 711 4550; x_wconf 92' lang='lat' dir='ltr'>no</span> <span class='ocrx_word' id='word_1_315' title='bbox 727 4499 804 4550; x_wconf 87' lang='lat' dir='ltr'>doubt</span> <span class='ocrx_word' id='word_1_316' title='bbox 819 4499 880 4564; x_wconf 82' lang='lat' dir='ltr'>they</span> <span class='ocrx_word' id='word_1_317' title='bbox 898 4515 962 4549; x_wconf 89' lang='lat' dir='ltr'>were</span> <span class='ocrx_word' id='word_1_318' title='bbox 978 4499 1013 4548; x_wconf 77' lang='lat' dir='ltr'>all</span> <span class='ocrx_word' id='word_1_319' title='bbox 1029 4505 1066 4549; x_wconf 92' lang='lat' dir='ltr'>set</span> <span class='ocrx_word' id='word_1_320' title='bbox 1083 4499 1150 4550; x_wconf 84' lang='lat' dir='ltr'>forth</span> <span class='ocrx_word' id='word_1_321' title='bbox 1166 4499 1193 4548; x_wconf 93' lang='lat' dir='ltr'>in</span> <span class='ocrx_word' id='word_1_322' title='bbox 1209 4516 1255 4550; x_wconf 91' lang='lat' dir='ltr'>one</span> <span class='ocrx_word' id='word_1_323' title='bbox 1272 4499 1301 4549; x_wconf 83' lang='lat' dir='ltr'>of</span> <span class='ocrx_word' id='word_1_324' title='bbox 1313 4498 1356 4549; x_wconf 87' lang='lat' dir='ltr'>the</span> <span class='ocrx_word' id='word_1_325' title='bbox 1373 4499 1404 4552; x_wconf 83' lang='lat'>37</span> 
     </span>
    </p>
   </div>
   <div class='ocr_carea' id='block_1_7' title="bbox 183 4596 960 4661">
    <p class='ocr_par' dir='ltr' id='par_1_9' title="bbox 183 4596 960 4661">
     <span class='ocr_line' id='line_1_37' title="bbox 183 4596 960 4661; baseline -0.004 -15"><span class='ocrx_word' id='word_1_326' title='bbox 183 4598 259 4648; x_wconf 83' lang='lat' dir='ltr'>books</span> <span class='ocrx_word' id='word_1_327' title='bbox 275 4599 304 4647; x_wconf 84' lang='lat' dir='ltr'>ol</span> <span class='ocrx_word' id='word_1_328' title='bbox 317 4596 440 4660; x_wconf 87' lang='lat' dir='ltr'>Epicurus</span> <span class='ocrx_word' id='word_1_329' title='bbox 458 4600 514 4661; x_wconf 79' lang='grc' dir='ltr'><strong>περὶ</strong></span> <span class='ocrx_word' id='word_1_330' title='bbox 532 4597 626 4661; x_wconf 77' lang='grc' dir='ltr'><em>φύσεως</em></span> <span class='ocrx_word' id='word_1_331' title='bbox 647 4597 687 4656; x_wconf 72' lang='grc' dir='ltr'>(αα</span> <span class='ocrx_word' id='word_1_332' title='bbox 702 4613 739 4645; x_wconf 88' lang='grc' dir='ltr'>νε.</span> <span class='ocrx_word' id='word_1_333' title='bbox 757 4597 803 4648; x_wconf 83' lang='grc'>417</span> <span class='ocrx_word' id='word_1_334' title='bbox 820 4612 875 4659; x_wconf 84' lang='lat' dir='ltr'>pag.</span> <span class='ocrx_word' id='word_1_335' title='bbox 894 4596 960 4659; x_wconf 81' lang='lat'>483).</span> 
     </span>
    </p>
   </div>
   <div class='ocr_carea' id='block_1_8' title="bbox 0 0 1602 5160">
    <p class='ocr_par' dir='ltr' id='par_1_10' title="bbox 0 0 1602 5160">
     <span class='ocr_line' id='line_1_38' title="bbox 0 0 1602 5160; baseline 0 0"><span class='ocrx_word' id='word_1_336' title='bbox 0 0 1602 5160; x_wconf 95' lang='lat' dir='ltr'> </span> 
     </span>
    </p>
   </div>
  </div>
 </body>
</html>
