3196 5160
788 310 829 371 99

199 530 257 573 nae
290 516 403 595 postea
435 509 614 574 ridebimus
649 532 668 574 a
702 510 863 596 plerisque
899 509 1038 595 antiquis
1060 507 1261 594 philosophis
1284 508 1424 572 alienum

200 647 286 709 esse,
311 627 367 691 sed
390 649 461 691 cum
483 628 624 692 maxime
648 650 720 691 cum
737 627 944 691 eruditissimi
960 626 1056 690 huius
1072 625 1187 689 aetatis
1203 625 1264 689 viri
1281 625 1425 690 doctrina

200 765 382 828 congruere.

241 861 399 936 Quoniam
433 863 512 927 haec
535 886 608 949 pars
631 869 702 949 post
704 884 743 927 ea
765 884 784 926 a
806 869 901 947 poeta
924 867 972 925 est
960 861 1131 944 tinsert,a
1155 882 1194 925 ea
1203 880 1316 947 ,quae
1340 883 1424 925 nunc

200 986 373 1065 sequuntur
336 981 637 1065 ur,ccniungcnda
660 987 734 1045 sunt
757 1003 829 1044 cum
852 1002 898 1044 vs.
923 982 1027 1043 8210
1010 986 1112 1065 etqui
1104 979 1334 1064 ‘tpraccedun
1312 979 1425 1043 t-Ex

199 1098 371 1182 plicaturus
406 1104 454 1161 est
476 1104 571 1183 poeta
597 1099 670 1184 ,qui
693 1098 807 1161 fiattu
772 1099 954 1182 utipassus
977 1096 1118 1182 proferre
1142 1117 1317 1182 queamus,
1352 1117 1425 1159 cum

199 1215 364 1298 volumus,
398 1217 549 1301 varieque
574 1215 683 1279 datum
707 1216 747 1278 sit
770 1214 914 1278 membra
935 1235 1086 1296 movere,
1123 1220 1154 1277 et
1178 1235 1259 1300 quae
1283 1235 1334 1277 res
1357 1220 1425 1277 tan-

199 1338 266 1396 tum
287 1331 348 1396 hoc
371 1333 476 1396 oneris
499 1333 687 1419 protrudere
710 1333 810 1396 nostri
834 1333 974 1417 corporis
997 1333 1133 1395 insuerit
1158 1379 1297 1395 .....
1344 1331 1425 1396 Dico

198 1450 303 1513 animo
337 1455 408 1513 ncst
409 1471 444 1513 rc
479 1451 617 1535 primum
649 1451 817 1514 simulacra
846 1449 974 1513 meandi
997 1448 1142 1513 accidere
1165 1454 1260 1535 atque
1284 1449 1425 1512 animum

198 1568 346 1652 pulsare,
369 1572 405 1630 ut
391 1567 568 1631 tdiximus
592 1573 675 1631 ante
722 1567 802 1631 Iude
825 1568 937 1631 volunt
939 1567 1053 1630 astit:
1085 1587 1189 1652 neque
1213 1567 1298 1630 enim
1321 1565 1425 1629 facere

197 1685 309 1770 incipit
296 1686 431 1749 tullam
453 1706 521 1748 rem
545 1686 731 1771 quisquam,
756 1707 850 1770 quam
865 1706 956 1748 mens
973 1684 1112 1770 providit
1120 1733 1128 1766 ,
1153 1683 1230 1769 quid
1245 1684 1324 1747 velit
1340 1690 1424 1747 ante.

197 1802 236 1865 Id
269 1803 353 1889 quod
386 1804 554 1889 providet,
589 1803 674 1867 illius
693 1804 756 1866 rei
785 1809 907 1866 constat
929 1803 1046 1886 imago.
1093 1801 1180 1886 Ergo
1197 1802 1329 1877 ¹animus
1352 1823 1425 1865 cum

197 1940 267 1983 sese
297 1920 345 1983 ita
367 1927 546 1984 commovet
570 1926 605 1983 ut
627 1920 707 1983 velit
730 1921 776 1984 ire
799 1921 896 2006 inque
920 1920 1032 2005 gredi,
1060 1919 1133 1984 ferit
1156 1921 1320 2005 extemplo
1343 1941 1424 2006 quae

196 2036 230 2099 in
265 2058 395 2122 corpore
430 2043 517 2120 tcto,
552 2058 610 2122 per
643 2037 787 2100 membra
820 2043 915 2122 atque
951 2043 1060 2119 artus,
1095 2037 1213 2100 animai
1244 2037 1354 2101 dissita
1376 2038 1425 2101 vis

197 2159 266 2216 est:
298 2158 330 2216 et
352 2153 476 2217 facilest
499 2154 607 2238 factu,
643 2155 791 2240 quoniam
815 2154 984 2218 coniuncta
1007 2160 1144 2217 tenetur.
1190 2154 1270 2218 Inde
1294 2176 1332 2219 ea
1354 2177 1426 2240 pro-

196 2293 290 2356 porro
325 2293 437 2357 corpus
470 2271 565 2354 ferit,
601 2278 776 2358 attaque
731 2272 776 2335 ita
810 2277 877 2334 ιοι
908 2272 1017 2356 paulat
1005 2271 1063 2334 tim
1097 2271 1197 2335 moles
1227 2278 1299 2357 prot
1286 2272 1426 2336 tturrudi

197 2395 292 2474 tque
325 2395 434 2452 movet
421 2389 492 2452 tur”
513 2389 543 2472 ¹).
589 2390 633 2453 Ni
667 2389 807 2453 fallimur
841 2389 969 2452 Lucret
948 2395 1011 2453 trus
1043 2388 1097 2453 hic
1121 2389 1182 2453 sibi
1204 2411 1269 2453 ιιοιι
1292 2395 1424 2453 constat

197 2505 316 2570 Nam
308 2529 342 2570 ιιι
364 2507 446 2570 libro
470 2506 630 2589 secundc,
662 2513 698 2571 ut
720 2507 880 2589 vidimus,
915 2507 997 2569 dixit
1019 2505 1182 2570 hominem
1207 2506 1325 2571 habere
1348 2507 1426 2571 libe·

196 2643 265 2688 ram
298 2624 517 2707 voluntatem3
552 2624 675 2689 addidit
709 2645 785 2688 vero
816 2624 855 2687 de
889 2623 1049 2687 motibus:
1089 2630 1143 2706 ,ut
1177 2624 1287 2688 videas
1309 2625 1425 2688 initum

194 2746 301 2804 motus
337 2761 356 2802 a
391 2740 483 2803 corde
514 2741 636 2823 creari,
672 2762 714 2804 ex
737 2741 897 2826 animique
920 2741 1086 2803 voluntate
1110 2740 1143 2802 id
1166 2740 1339 2825 procedere
1363 2740 1426 2825 pri-

190 2875 305 2922 mum:
340 2857 415 2920 inde
451 2856 518 2921 dari
548 2879 640 2943 porro
663 2880 721 2943 per
744 2864 848 2922 totum
871 2879 985 2942 corpus
1008 2863 1040 2920 et
1063 2861 1184 2920 artus”.
1229 2856 1294 2920 Hic
1317 2862 1426 2920 tamen

185 2973 289 3040 docet
312 2974 510 3038 voluntatem
535 2996 625 3038 suam
648 2974 767 3039 habere
791 2997 939 3040 causam:
968 2997 1041 3040 cum
1064 2981 1172 3039 autem
1196 2997 1285 3039 suam
1308 2975 1426 3039 habeat

181 3112 324 3158 eausam
361 3113 425 3155 non
463 3098 510 3155 est
547 3092 649 3156 libera
686 3114 704 3156 e
737 3094 864 3177 vulgari
898 3093 1027 3179 quidem
1062 3092 1293 3176 significatione
1327 3091 1424 3156 vocis.

170 3209 355 3275 Assentiri
377 3209 482 3294 potius
505 3208 593 3273 videt
581 3216 633 3274 tur
659 3210 791 3293 Stoicis,
816 3210 994 3276 dicentibus
1006 3213 1031 3294 2)
1055 3211 1194 3340 primum
1219 3216 1342 3274 motum
1370 3231 1425 3274 vo·

168 3319 370 3392 luntarium
400 3347 464 3389 non
502 3347 592 3409 esse,
632 3332 663 3390 et
651 3327 900 3410 tDemocrit,o
936 3333 1080 3391 censenti
1070 3327 1120 3410 ‘³)
1169 3327 1337 3392 simulacra
1367 3348 1424 3391 seu

164 3443 318 3533 specics
340 3464 447 3506 rerum
469 3443 732 3508 incurrentium
724 3467 757 3508 m
781 3445 945 3528 animum,
969 3467 1078 3509 causas
1106 3465 1193 3528 esse,
1217 3465 1299 3530 quae
1326 3445 1425 3547 apimi

159 3569 317 3643 motus,
341 3562 494 3644 consilia,
518 3583 622 3626 mores
644 3563 891 3649 affectionesque
915 3562 1078 3626 traherent
1101 3562 1289 3627 necessarie.
1326 3561 1423 3628 Ὕπα-

162 3681 328 3764 θέμενος
372 3687 465 3744 τοῦτο
511 3678 549 3756 δὴ
591 3678 820 3763 τούπιδήμιον,
867 3684 884 3746 ὅ
931 3696 1005 3765 φησι
1045 3682 1263 3766 Δημόκριτος,
1298 3682 1424 3766 ἐγκατα-

161 3796 402 3876 βυσσοῦσθαι
432 3797 471 3861 τὰ
506 3794 620 3862 εἴδωλα
644 3794 693 3862 διὰ
716 3797 780 3862 τῶν
802 3800 913 3882 πόρων
937 3801 981 3872 εις
1003 3798 1040 3862 τὰ
1065 3797 1214 3879 σώματα,
1250 3801 1298 3862 καὶ
1322 3806 1424 3862 ποιεῖν

162 3914 249 3990 τὰς
275 3911 351 3977 κατὰ
373 3913 429 3977 τὸν
453 3912 555 3978 ιιπνον
579 3915 668 3997 ὄψεις
691 3915 965 4000 ἐπαναφερόμενα·
997 3919 1109 3999 φοιτᾶν
1133 3911 1165 3980 δὲ
1188 3923 1284 3979 ταῦτα
1306 3942 1424 3979 παντα-

169 4034 298 4121 χόθεν
320 4031 454 4096 ἀπιόντα
478 4035 526 4095 και
551 4036 670 4096 σκευῶν
694 4036 742 4097 καὶ
766 4035 895 4114 ἱματίων
919 4035 966 4096 καὶ
985 4035 1109 4117 φυτῶν,
1130 4032 1266 4113 μάλιστα
1283 4028 1314 4097 δὲ
1331 4029 1423 4117 Ζῴων

172 4149 257 4215 ὑπὸ
293 4146 396 4212 σάλου
429 4148 557 4213 πολλοῦ
582 4153 629 4213 καὶ
654 4150 870 4235 θερμότητος,
901 4149 939 4213 οὗ
962 4150 1064 4230 μόνον
1088 4149 1203 4233 ’ἔχοντα
1226 4146 1423 4235 μορφοειδεῖς

172 4271 249 4333 τοῦ
274 4265 421 4346 σώματος
444 4268 672 4352 ἐκμεμαγμένας
696 4267 883 4349 ὁμοιότητας
907 4267 964 4348 (ὡς
987 4266 1178 4350 Ἐπίκουρος
1193 4265 1308 4349 οἴεται,
1331 4269 1423 4352 μέχρι

224 4466 247 4532 ¹)
284 4465 404 4518 arr-91.

225 4561 248 4626 ²)
285 4560 393 4621 Seneca,
411 4561 441 4610 de
458 4560 500 4610 Ira
517 4563 545 4621 2,
564 4563 586 4610 3.

226 4655 246 4716 ⁸)
281 4653 612 4727 Plut.symp.v111,1o.
