3196 5160
779 313 819 375 67

189 517 269 580 tiunt
300 538 334 580 se
368 517 437 601 ipso
470 536 600 600 corporo
632 515 771 578 sentire:
807 514 895 578 nulla
919 514 1187 579 demonstratione
1212 523 1259 579 est
1282 537 1362 601 opus
1384 517 1414 598 ¹).

188 633 290 698 Multa
322 639 396 696 sunt
426 632 560 696 obscura
592 633 626 695 in
655 631 715 695 1100
747 632 785 695 de
815 632 1021 717 perceptione
1045 632 1198 696 doctrina.
1244 632 1337 696 Haec
1361 632 1415 696 ob·

186 751 320 815 scuritas
343 750 459 836 partim
483 749 693 835 proficiscitur
716 770 759 812 ex
782 749 991 832 ambiguitate
1014 750 1102 813 vocis
1125 771 1234 814 scasas
1258 752 1304 833 (et
1316 750 1413 814 etiam

182 869 358 950 αἴσθησις).
403 867 519 930 Saccus
555 867 640 930 enim
671 889 689 930 a
720 867 872 931 Lucretio
903 873 1074 952 usurpatur
1097 888 1169 930 cum
1193 867 1233 931 ad
1256 868 1415 932 actionem

179 984 344 1048 sentiendi
368 984 601 1065 denotandam,
625 990 693 1047 tum
717 983 757 1047 ad
780 984 939 1047 consciam
962 984 1121 1047 sentiendi
1143 985 1209 1047 vim
1233 985 1415 1070 exprimen-

176 1099 277 1164 dam:
302 1101 415 1185 prioris
438 1101 529 1164 sedes
553 1101 658 1164 anima
680 1121 749 1164 esse
773 1099 890 1181 debet,
914 1120 971 1184 per
994 1105 1097 1163 totum
1121 1121 1234 1186 corpus
1258 1099 1414 1185 dispersa,

173 1217 318 1281 alterius
356 1218 496 1280 animus:
543 1217 737 1280 monendum
772 1221 880 1279 tamen
915 1223 963 1278 cst
997 1222 1124 1300 poetam
1159 1237 1254 1302 saepe
1286 1217 1414 1279 nomine

170 1335 285 1398 animi
321 1335 459 1398 animam
492 1335 642 1398 indicare.
687 1334 774 1417 Ergo
805 1332 959 1417 explicari
995 1339 1099 1418 potest
1133 1332 1212 1397 haec
1251 1332 1414 1397 doctrinae

171 1472 259 1535 pars
281 1452 340 1533 ita,
363 1458 400 1515 ut
422 1473 535 1536 corpus
559 1451 676 1514 sentiat
699 1450 841 1532 affectus,
866 1451 920 1535 qui
943 1450 1050 1514 animo
1071 1450 1199 1513 demum
1216 1456 1248 1514 et
1262 1450 1296 1513 in
1309 1451 1415 1514 animo

171 1569 223 1633 ad
250 1569 476 1633 conscientiam
499 1569 698 1653 perveniant.
745 1568 837 1642 Quod
853 1569 878 1630 01
894 1568 941 1631 110
956 1573 1023 1650 001,
1041 1567 1167 1631 difficile
1184 1574 1291 1632 tamen
1307 1574 1416 1632 manet

171 1685 375 1767 intellectu,
410 1686 486 1772 quid
517 1687 686 1750 Lucretius
722 1686 781 1749 sibi
803 1685 891 1748 velit.
937 1683 1045 1748 Antea
1068 1683 1151 1748 dixit
1173 1685 1271 1748 animi
1294 1691 1416 1749 atomos

171 1804 269 1867 solas
299 1810 389 1889 aptas
424 1825 492 1868 esse
524 1803 788 1868 adsentiendum
827 1803 883 1866 scd
913 1805 968 1888 qut
990 1808 1059 1865 tum
1083 1803 1222 1889 corporis
1244 1803 1417 1888 primordia

172 1920 273 1984 idem
292 1920 395 1984 iacere
412 1927 565 2006 possunt?
589 1921 622 1985 Si
647 1921 780 1984 dixisset
803 1920 943 2004 corporis
966 1919 1139 2005 primordia
1153 1921 1333 1985 necessaria
1346 1941 1416 1984 esse

175 2039 226 2105 ad
259 2059 387 2102 sensum
411 2038 630 2121 efficiendum,
655 2060 728 2103 eum
751 2037 1031 2121 intellegeremus,
1055 2037 1107 2100 vel
1130 2038 1156 2100 si
1179 2037 1337 2103 docuisset
1359 2059 1416 2102 aas

176 2156 339 2237 (animum
362 2155 422 2219 sibi
445 2156 618 2239 conscium)
636 2176 764 2239 corpore
778 2155 831 2219 vel
846 2157 880 2217 io
903 2175 1031 2237 corpore
1046 2154 1178 2218 affectus
1195 2155 1334 2219 sentire:
1360 2155 1416 2219 sed

179 2271 248 2336 hoc
271 2272 376 2356 ipsum
398 2277 494 2357 poeta
516 2278 623 2356 negat.
669 2270 715 2335 At
738 2277 807 2334 tum
830 2272 1010 2357 quaeritur:
1043 2273 1098 2356 qul
1120 2278 1252 2357 possunt
1276 2272 1416 2358 corporis

178 2389 300 2471 atomi,
320 2411 401 2476 quae
421 2412 478 2453 sua
493 2396 607 2454 natura
620 2389 737 2453 sentire
751 2390 876 2471 (neutro
890 2389 1018 2474 quidem
1031 2391 1135 2471 sensu)
1148 2396 1329 2475 nequeunt,
1343 2411 1415 2454 cum

179 2507 293 2570 animo
316 2507 362 2570 ita
377 2508 484 2591 iungi,
508 2513 544 2570 ut
559 2508 647 2592 ipsae
663 2507 829 2571 sentiant?
852 2507 1023 2591 praecipue
1039 2527 1111 2570 cum
1127 2507 1255 2570 omnino
1267 2507 1415 2571 immuta·

178 2621 265 2686 bilia
294 2623 357 2686 sint
388 2623 570 2707 primordia.
616 2623 774 2708 Epicurus
803 2624 924 2686 nullam
956 2624 1060 2687 lucem
1084 2623 1196 2688 affert:
1232 2625 1277 2688 ait
1300 2623 1415 2687 solum-

178 2738 281 2802 modo
315 2760 428 2824 corpus
458 2740 497 2804 ab
532 2741 637 2805 animo
672 2761 782 2804 sensus
811 2741 898 2804 illius
928 2741 1087 2825 particeps
1110 2740 1194 2822 fieri,
1226 2739 1282 2803 sed
1305 2741 1359 2826 qui
1382 2739 1416 2803 id

179 2854 257 2918 fieri
279 2857 379 2941 possit
394 2877 457 2920 non
473 2857 624 2943 explicat.
669 2856 817 2920 Fortasse
833 2855 1002 2941 Epicurei,
1019 2855 1104 2941 quod
1118 2856 1245 2941 saepius
1256 2855 1414 2938 fecerunt,

178 2971 219 3034 in
241 2971 302 3037 hac
330 2974 514 3058 quaestione
538 2995 663 3060 quoque
679 2995 828 3038 sensuum
851 2972 1073 3037 auctoritatem
1097 2973 1196 3038 solam
1212 2973 1313 3037 secuti
1329 2978 1412 3036 sunt.

182 3089 330 3175 Quisque
353 3091 450 3155 sentit
465 3091 605 3156 dolorem
621 3114 677 3156 suo
694 3113 845 3178 corpore,
869 3111 945 3175 ergo
961 3112 1074 3176 corpus
1091 3091 1205 3171 sentit,
1227 3090 1287 3154 hoc
1303 3090 1415 3174 negari

181 3225 251 3268 11011
284 3211 410 3291 potest:
442 3213 474 3270 01
508 3209 649 3272 animum
684 3229 753 3273 0000
789 3215 822 3272 01
844 3210 979 3293 primam
1003 3215 1035 3272 et
1057 3209 1184 3272 unicam
1208 3229 1318 3272 sensus
1342 3228 1410 3272 esse

183 3341 317 3385 causam
350 3323 447 3386 etiam
482 3330 623 3406 constat,
659 3325 766 3411 itaque
802 3346 915 3411 corpus
950 3346 1014 3388 non
1047 3330 1154 3410 potest
1188 3325 1314 3388 00111110.
1365 3324 1414 3388 Ut

183 3436 266 3502 haec
297 3439 380 3502 inter
411 3461 444 3503 se
468 3441 690 3523 conciliarent,
714 3442 793 3505 nihil
816 3442 958 3507 restabat
980 3442 1042 3506 nisi
1065 3449 1102 3506 ut
1124 3442 1266 3507 animum
1289 3441 1413 3526 corpori

187 3575 317 3619 sensum
350 3558 514 3642 impertire
546 3559 763 3623 decernerent.
810 3560 975 3635 Quomodo
1007 3565 1116 3623 autem
1138 3559 1199 3623 hoc
1221 3559 1290 3623 fieri
1312 3559 1413 3644 possit

187 3693 251 3736 non
274 3673 443 3758 indagasse
468 3676 626 3740 videntur.

229 3789 324 3855 Hanc
358 3791 443 3855 viam
479 3813 533 3856 000
564 3800 689 3858 secutos
713 3815 781 3858 esse
804 3795 901 3858 etiam
933 3798 1069 3857 testatur
1097 3792 1297 3878 exemplum,
1328 3792 1413 3878 quod

189 3906 227 3971 de
253 3909 415 3974 oculorum
441 3911 572 3976 videndi
598 3913 749 3978 facultate
775 3913 880 3999 prodit
896 3912 1075 3976 Lucretius.
1125 3911 1311 3976 Sententiae
1327 3910 1412 3974 enim

188 4023 406 4111 Parmenidis,
447 4029 669 4116 Empedoclis,
707 4031 867 4113 Platonis,
907 4051 1002 4116 quam
1040 4029 1151 4094 Oieero
1187 4029 1277 4114 Disp.
1316 4028 1411 4092 Tusa.

189 4141 214 4205 Ι.
253 4146 321 4228 20,
356 4148 397 4209 46
433 4146 479 4210 110
513 4148 684 4233 exprimit:
730 4170 806 4231 ,nos
839 4148 924 4212 enim
958 4168 998 4211 ne
1031 4168 1116 4210 nunc
1150 4145 1278 4232 quidem
1313 4145 1413 4209 oculis

190 4260 346 4325 cernimus
383 4283 442 4346 ea,
476 4286 557 4351 quae
591 4266 746 4330 videmus.
792 4266 906 4351 Neque
943 4269 992 4327 001
1030 4263 1116 4326 enim
1138 4263 1222 4326 nllus
1246 4283 1356 4326 sensus
1377 4262 1411 4326 in

197 4398 348 4465 corpore,
388 4381 445 4445 sed
475 4432 482 4445 .
510 4432 516 4446 .
543 4433 549 4446 .
581 4384 653 4447 viae
692 4383 782 4469 quasi
820 4381 977 4468 quaedam
1017 4386 1092 4445 sunt
1125 4379 1166 4445 ad
1200 4382 1328 4463 oculos,
1371 4379 1413 4444 ad

191 4515 302 4580 aures,
342 4497 384 4562 ad
421 4521 514 4564 nares
556 4523 576 4564 a
610 4500 684 4564 sede
707 4501 804 4564 animi
837 4501 1047 4585 perforatae.
1073 4548 1079 4562 .
1105 4548 1112 4562 .
1137 4547 1145 4563 .
1168 4504 1205 4563 ut
1238 4498 1331 4562 facile
1364 4497 1412 4560 in-

221 4666 239 4730 ¹)
274 4666 317 4717 Vs.
336 4669 391 4717 366.

1198 4747 1236 4811 5*
