3196 5160
775 252 816 315 32

180 460 262 526 nihil
284 456 382 541 1111).
429 458 462 521 2⁰
487 457 521 522 si
545 455 615 542 quis
638 454 678 519 ad
700 455 830 518 ultimos
846 455 925 517 fines
941 454 1083 518 universi
1101 475 1311 540 progressus,
1335 453 1411 518 inde

181 577 306 642 hastam
329 580 506 661 torqueret,
531 579 586 637 aut
608 594 702 657 porro
726 593 764 635 ea
785 571 923 654 volaret,
947 579 1002 635 aut
1027 572 1089 635 alio
1114 594 1244 658 corpore
1257 573 1412 636 retinere-

182 701 253 760 tur:
278 695 388 779 utique
412 693 596 756 universum
620 712 657 753 eo
680 690 749 754 loco
773 712 837 754 non
860 695 944 753 esset
966 690 1103 753 finitum.
1129 692 1161 751 3⁰
1196 690 1309 755 Sinon
1326 695 1413 754 essct

183 811 344 875 infinitum
358 809 512 894 spatium,
532 807 635 871 omnis
646 806 812 888 materies,
833 807 990 890 gravitate
1003 806 1169 892 depressa,
1189 807 1253 871 iam
1270 806 1325 871 diu
1338 828 1413 871 con-

184 928 330 992 fluxisset
364 926 404 990 ad
434 926 534 989 imum
558 926 679 1006 locum,
715 923 770 987 ubi
793 944 826 986 se
849 924 1041 987 cumulasset
1063 924 1172 1010 itaque
1195 945 1322 989 onmem
1344 945 1414 988 mo-

185 1051 270 1128 tum,
306 1065 401 1130 quem
434 1049 542 1107 tamen
575 1041 741 1123 videmus,
777 1041 980 1105 cohibuisset.
1004 1079 1045 1088 —
1081 1041 1127 1105 At
1151 1043 1177 1105 si
1200 1064 1337 1106 vacuum
1362 1047 1413 1107 est

184 1163 361 1243 infinitum,
396 1161 546 1224 materies
581 1180 706 1245 quoque
741 1159 795 1240 (z
819 1179 926 1221 rerum
950 1180 1074 1222 summa
1099 1177 1144 1222 vs.
1171 1161 1263 1242 1008)
1287 1160 1415 1224 infinita

184 1300 253 1344 esse
277 1278 391 1343 debet:
428 1279 472 1342 sic
496 1277 598 1341 voluit
621 1284 754 1359 natura,
783 1297 882 1361 ,quae
906 1297 1020 1362 corpus
1042 1277 1130 1340 inani
1154 1283 1186 1340 et
1209 1276 1293 1363 quod
1315 1277 1413 1341 inane

184 1404 292 1463 autem
316 1404 365 1460 est
387 1396 471 1460 finiri
496 1415 626 1480 corpore
650 1395 756 1478 cogit,
784 1400 821 1456 ut
847 1394 891 1458 sic
914 1394 1045 1457 alternis
1071 1394 1196 1458 infinita
1219 1396 1325 1459 omnia
1341 1395 1414 1459 red-

185 1514 261 1578 dat''
276 1519 308 1596 2).
345 1512 379 1577 Si
401 1510 573 1576 multitudo
596 1517 774 1575 atomorum
806 1511 931 1574 infinita
952 1532 1016 1574 non
1039 1517 1138 1593 esset,
1166 1514 1198 1574 10
1219 1511 1300 1575 nihil
1325 1513 1416 1594 „exi-

94 1648 96 1653 ·
183 1653 282 1716 guum
315 1636 422 1716 posset
455 1629 545 1693 horai
580 1629 691 1692 sistere
726 1635 870 1714 tempus,
907 1650 980 1691 nam
1005 1628 1147 1713 dispulsa
1170 1651 1226 1693 suo
1256 1629 1416 1693 decoctu

183 1749 330 1812 materiai
363 1747 454 1832 copia
488 1746 644 1829 ferretur,
679 1766 831 1830 magnum
861 1745 1044 1828 (infinitum)
1067 1767 1124 1831 per
1147 1747 1241 1810 inane
1265 1747 1413 1830 soluta’';

186 1867 220 1930 2⁰
251 1865 390 1929 mundus
413 1885 477 1927 non
501 1868 607 1945 essct,
631 1884 705 1926 nam
730 1884 839 1926 omnes
862 1883 913 1926 res
935 1869 1078 1948 tempore
1103 1864 1323 1928 diminuuntur
1347 1871 1415 1929 ato-

186 1983 247 2045 mis
270 1980 409 2062 avulsis,
433 1979 502 2043 cibo
526 1979 625 2063 igitur
648 1979 687 2041 iis
710 2000 790 2064 opus
813 1985 877 2058 est,
901 2001 941 2043 ne
959 1981 1138 2044 intereant:
1164 1981 1415 2068 quodquoniam

184 2121 227 2164 ex
261 2104 390 2162 aeterno
426 2103 569 2181 tempore
601 2096 666 2159 iarn
700 2095 819 2160 factum
848 2103 916 2180 est,
952 2098 1077 2162 infinita
1099 2120 1178 2183 opus
1202 2104 1250 2162 est
1272 2099 1414 2185 undique

183 2217 274 2302 copia
297 2215 461 2279 materiae.
486 2252 527 2260 —
552 2213 754 2278 Dissentiunt
777 2215 861 2279 inter
885 2237 918 2279 se
941 2215 1001 2279 viri
1026 2215 1109 2280 docti
1132 2217 1165 2278 in
1186 2224 1252 2280 toto
1267 2215 1328 2280 hoc
1344 2217 1415 2281 loco

184 2332 393 2420 explicand03
429 2331 584 2394 Munrous
621 2331 674 2413 (ad
698 2333 776 2412 988),
795 2338 925 2414 censet,
957 2338 1084 2417 poetam
1118 2332 1192 2396 inde
1227 2355 1246 2397 a
1279 2355 1324 2397 vs.
1350 2336 1415 2398 958

184 2471 285 2537 usque
320 2448 360 2514 ad
396 2451 458 2512 984
495 2448 734 2529 demonstrare,
757 2449 961 2530 universum,
996 2449 1100 2512 idest
1131 2472 1287 2514 summam
1315 2452 1416 2515 totius

185 2570 280 2656 spatii
304 2575 336 2632 11
359 2567 534 2648 materiae,
558 2565 718 2629 infinitum
742 2587 831 2647 esse,
857 2566 971 2629 deinde
995 2589 1014 2630 a
1036 2590 1081 2631 vs.
1108 2570 1170 2631 984
1194 2569 1333 2654 spatium
1356 2591 1416 2654 per

187 2709 220 2752 sc
251 2686 411 2751 infinitum
444 2705 535 2766 esse,
569 2683 705 2770 denique
740 2684 814 2747 inde
849 2707 869 2748 a
901 2706 947 2747 vs.
974 2686 1055 2748 1008
1079 2685 1236 2749 infinitam
1259 2687 1415 2751 materiae

186 2811 343 2869 naturam.
389 2802 480 2867 Haec
512 2802 684 2888 explicatio
720 2823 792 2865 curn
825 2801 957 2887 Epicuri
987 2802 1094 2866 verbis
1124 2804 1291 2867 concinere
1326 2803 1417 2868 vide-

190 2929 241 2986 tur
256 2924 296 3004 ³),
320 2919 376 2984 scd
399 2925 506 2983 tamen
529 2925 671 2983 mentem
694 2920 858 3003 Lucretii,
881 2920 915 2983 ni
930 2918 1084 3002 fallimur,
1109 2921 1290 3005 exprimere
1307 2923 1416 3006 putari

191 3089 360 3100 ——..---—-

224 3184 242 3246 l)
278 3183 340 3232 Fere
357 3180 444 3231 iisdem
463 3179 545 3229 verbis
563 3179 633 3243 Epic.
654 3181 719 3243 apud
737 3181 768 3229 D.
789 3181 817 3230 L.
836 3182 878 3242 X,
898 3185 967 3230 41..
989 3184 1018 3232 τὸ
1036 3187 1090 3234 πᾶν
1107 3183 1214 3247 ἄπειρόν
1231 3184 1297 3244 ἐστι,
1317 3187 1345 3234 τὸ
1364 3186 1416 3250 γὰρ

191 3279 383 3341 πεπερασμένον
407 3278 487 3339 ἄκρον
509 3276 574 3339 ἔχει·
588 3280 616 3327 τὸ
633 3274 735 3340 δ’ἄκρον
752 3275 813 3340 παρ’
831 3277 917 3340 ἔτερόν
935 3295 958 3326 τι
976 3279 1109 3340 θεωρεῖται
1128 3277 1174 3343 (vs.
1195 3281 1258 3338 961,
1281 3283 1310 3326 11
1328 3277 1417 3328 videa-

189 3380 232 3424 tur
254 3389 302 3437 quo
323 3388 374 3422 non
394 3369 494 3434 longius
515 3370 576 3420 haec
599 3387 685 3420 sensus
712 3376 801 3421 natura
829 3373 964 3436 sequatur).
1008 3372 1059 3422 Hic
1086 3379 1169 3422 autem
1186 3375 1269 3423 deesse
1293 3373 1418 3424 nonnulla

190 3468 266 3519 verba
286 3467 357 3518 nobis
374 3467 490 3516 videntur
513 3465 670 3516 huiusmodi:
699 3471 769 3532 παρὰ
794 3468 818 3518 δὲ
843 3473 871 3522 τὸ
898 3473 952 3520 πᾶν
969 3471 1047 3519 οὐθὲν
1063 3471 1134 3519 ἔστιν
1152 3471 1191 3529 (cf.
1210 3471 1252 3535 39)
1270 3470 1331 3533 παρ’
1350 3474 1363 3521 ὃ
1382 3472 1418 3520 ἂν

191 3563 364 3627 θεωρούμενον
382 3562 605 3624 τὸᾶκροναύτοῦ
623 3565 712 3625 φανείη
743 3562 826 3626 (Lucr.
845 3563 872 3624 Ι,
903 3567 1062 3625 963,1001,
1093 3565 1144 3614 cic.
1162 3565 1267 3614 deDiv.
1286 3566 1332 3626 ΙΙ,
1352 3570 1416 3629 103,

192 3657 258 3721 quod
268 3656 368 3706 finitum
378 3659 429 3714 est,
446 3652 543 3718 inquit,
554 3653 630 3704 habet
638 3662 776 3706 extremum
785 3694 791 3706 .
801 3694 807 3706 .
819 3694 824 3706 .
844 3660 909 3722 quod
921 3664 1003 3708 autem
1014 3659 1090 3709 habet
1101 3666 1250 3721 extremum,
1268 3660 1294 3709 id
1306 3660 1419 3710 cernitur

192 3768 224 3801 ex
248 3751 297 3801 alio
321 3749 473 3800 extrinsecus
583 3755 609 3799 11
625 3753 690 3815 quod
707 3768 778 3802 omne
795 3758 845 3813 est,
862 3753 889 3802 id
904 3770 955 3804 non
971 3754 1080 3805 cernitur
1096 3771 1128 3804 ex
1145 3756 1194 3806 alio
1211 3756 1418 3806 extrinsecus...

191 3846 257 3898 nihil
278 3832 356 3912 igitur
377 3865 434 3898 cum
459 3848 550 3898 habeat
574 3828 726 3909 extremum,
751 3847 877 3898 infinitum
895 3849 942 3910 sit,
961 3865 1059 3900 necesse
1076 3855 1146 3909 11111
1166 3880 1194 3888 -
1214 3853 1276 3902 ὥστε
1293 3853 1339 3902 οὐκ
1356 3852 1420 3918 ἕχον

193 3945 287 4007 ἄκρον.
306 3947 386 4010 πέρας
403 3947 450 3997 οὐκ
467 3946 531 4010 ἔχει,
550 3943 630 4006 πέρας
648 3942 719 3994 δὀὐκ
736 3943 813 4008 ἔχον,
832 3947 937 4007 ἄπειρον
955 3947 987 3995 ἂν
1004 3948 1041 4006 εἴη
1059 3948 1100 3994 καὶ
1119 3947 1149 3996 οὐ
1167 3946 1366 4011 πεπερασμένον.

226 4036 245 4093 ²)
279 4036 378 4087 Lucret.
402 4037 431 4098 1,
458 4039 521 4088 1009
546 4052 612 4113 seqq.
648 4036 716 4086 Sext.
740 4037 811 4100 Emp.
830 4038 886 4087 adv.
909 4038 1086 4087 Mathem....
1112 4041 1153 4090 ὁτὲ
1171 4044 1215 4104 μὲν
1232 4043 1280 4106 γάρ
1297 4051 1376 4105 φησιν
1395 4044 1419 4108 (ὁ

105 4179 108 4187 ,
194 4131 356 4198 Ἐπίκουρος)
374 4133 415 4184 ὅτι
432 4133 446 4192 ri
465 4137 517 4183 τῶν
533 4134 602 4184 ὅλων
618 4133 693 4198 φύσις
710 4135 816 4197 σώματά
834 4133 888 4183 ἐστι
905 4136 948 4184 καὶ
964 4138 1051 4191 κενὸν,
1069 4136 1109 4186 ὁτὲ
1128 4135 1168 4193 δὲ,
1188 4136 1228 4185 ὅτι
1245 4137 1275 4186 τὸ
1293 4140 1347 4186 πᾶν
1359 4138 1417 4188 κατ’

194 4228 320 4291 ἀμφότερα
337 4228 444 4289 ἄπειρόν
462 4228 530 4285 ἐστι,
547 4230 613 4278 κατὰ
632 4229 663 4276 τὰ
681 4230 784 4291 σώματα
803 4229 844 4278 καὶ
862 4233 891 4281 τὸ
910 4230 1000 4289 κενὸν,
1018 4229 1135 4280 τουτέστι
1154 4233 1220 4280 κατά
1233 4249 1260 4281 τε
1273 4235 1301 4282 τὸ
1314 4233 1419 4292 πλῆθος

195 4326 246 4371 τῶν
271 4321 396 4384 σωμάτων
424 4323 466 4371 καὶ
490 4325 556 4373 κατὰ
581 4322 686 4390 μέγεθος
712 4325 758 4373 τοῦ
775 4327 861 4385 κενοῦ,
891 4327 1122 4388 ἀντιπορηκονσῶιν
1139 4327 1270 4387 ἀλλήλαις
1287 4333 1340 4377 τῶν
1357 4330 1416 4377 καθ’

194 4415 312 4479 ἑκάτερον
329 4419 458 4480 ἀπειριῶν.

227 4513 246 4576 ³)
281 4512 323 4561 Vs.
351 4515 463 4561 eos-84
481 4531 509 4557 :z
528 4517 558 4565 τὸ
574 4517 628 4564 πᾶν
645 4515 766 4578 ἄπειρον,
792 4535 814 4566 ιε.
832 4515 882 4566 ai
908 4531 964 4579 pag.
990 4532 1044 4579 sup.
1062 4522 1114 4567 not.
1133 4520 1164 4578 23
1191 4521 1237 4566 984
1255 4534 1308 4582 sqq.
1328 4536 1356 4562 =
1375 4521 1421 4570 nal

195 4608 246 4671 μὴν
262 4605 602 4658 καὶ...κ.τ.ἑ,111”11111.
622 4611 644 4658 3.
