3196 5160
770 314 830 375 116

184 510 267 597 ddum
303 514 464 593 ὑποστὰν,
499 513 639 580 ἐκοῖλουε
673 518 748 591 τοὺς
784 517 1004 598 ὑποκειμένους
1034 520 1179 595 τόπους·
1213 520 1251 584 τὰ
1274 525 1331 602 μὲν
1355 520 1416 588 οὖν

184 633 354 714 κυριώτατα
385 633 461 715 μέρη
484 637 540 695 τοῦ
566 632 685 711 κόσμου
708 633 765 696 τὸν
789 635 911 716 τρόπον
934 640 1048 699 τοῦτον
1071 634 1258 719 ἐγευυὴθῆἶ
1296 635 1416 698 Mirum

183 747 424 812 similitudinem
448 769 516 811 esse
539 748 634 811 huius
657 750 896 832 cosmogonicae
922 749 1144 834 descriptionis
1160 773 1231 814 cum
1248 752 1417 815 Lucretia-

182 865 231 928 uis
262 866 407 929 versibus
442 886 536 929 nemo
571 885 646 928 sane
681 865 822 948 negabit.
879 866 942 929 Sed
976 867 1193 951 Plutarchus,
1228 869 1282 954 qui
1316 870 1417 952 vulgo

181 983 312 1045 nomina
334 989 520 1064 auctorum,
556 1003 690 1067 quorum
713 982 823 1045 laudat
846 983 983 1067 placita,
1008 984 1175 1067 adscribit,
1200 985 1281 1048 hanc
1304 985 1417 1050 lauda-

182 1100 280 1163 bilem
314 1099 577 1163 consuetudinem
607 1099 660 1163 hic
683 1101 849 1183 neglexit,
885 1123 946 1185 quo
970 1102 1005 1163 fit
1029 1107 1064 1164 ut
1088 1101 1227 1164 dubitari
1250 1104 1352 1187 possit
1377 1102 1417 1166 de

183 1216 390 1301 philosophe,
426 1217 477 1280 cui
512 1216 700 1280 tribuendus
735 1217 775 1279 sit
806 1218 860 1280 ille
884 1218 981 1280 locus.
1029 1218 1232 1303 Empedoclis
1256 1241 1325 1282 esse
1350 1242 1418 1283 non

183 1341 288 1419 potest
323 1356 395 1398 cum
429 1335 537 1419 plures
570 1335 610 1398 ob
633 1355 764 1408 causas,
790 1339 858 1397 tum
886 1335 925 1397 ob
948 1334 1052 1418 hanc,
1077 1335 1160 1420 quod
1183 1337 1238 1398 ille
1262 1343 1418 1421 quattuor

185 1454 345 1516 elementa
380 1474 422 1516 ex
456 1452 623 1516 harmonia
660 1452 813 1537 sphaerae
855 1453 993 1536 primum
1032 1474 1159 1536 egressa
1198 1474 1266 1516 esse
1298 1459 1417 1538 putat,

183 1577 289 1633 noster
322 1571 402 1632 illud
424 1570 531 1634 chaos
561 1590 764 1653 congressum
796 1576 829 1632 et
852 1571 977 1633 turbam
1002 1571 1144 1633 omnium
1168 1591 1323 1653 generum
1348 1578 1418 1635 ato-

182 1709 306 1751 morum
339 1688 424 1751 facit.
472 1688 655 1751 Gassendus
688 1688 726 1750 de
761 1695 890 1751 auctore
920 1688 999 1750 nihil
1037 1688 1122 1750 dicit.
1169 1688 1347 1752 Reisacher
1381 1691 1418 1752 in

183 1810 319 1888 quaestt.
352 1805 429 1867 lucr.
462 1826 492 1888 p.
518 1807 558 1867 29
583 1811 682 1867 totam
706 1805 951 1890 descriptionem
975 1806 1015 1868 ad
1038 1814 1178 1869 mentem
1201 1807 1334 1892 Epicuri
1359 1829 1419 1871 ex-

183 1943 339 2007 pressam·
360 1943 429 1985 esse
463 1929 588 1985 tantum
612 1922 757 1986 affirmat.
803 1922 971 1985 Eduardus
995 1922 1146 1987 Corsinus
1171 1924 1350 2001 (Plutarchi
1375 1925 1418 1988 de

183 2040 264 2125 plac.
300 2039 377 2124 phil.
409 2040 483 2103 libri
512 2040 554 2104 V.
589 2041 772 2103 Florentiae
809 2042 902 2122 1750)
934 2041 967 2103 iu
992 2041 1214 2123 dissertatione
1237 2043 1263 2105 I.
1288 2042 1328 2106 ad
1352 2042 1417 2106 hoc

187 2163 282 2241 caput
316 2158 502 2221 annotavit:
541 2157 705 2243 „quamvis
739 2157 931 2220 Plutarchus
961 2157 1013 2220 hic
1037 2158 1076 2221 ab
1100 2158 1246 2221 instituto
1268 2158 1336 2222 fere
1361 2160 1418 2223 de-

183 2275 318 2338 flectens
352 2276 479 2338 unicam
514 2276 616 2338 solum
651 2275 689 2338 de
720 2276 833 2339 Mundi
857 2276 979 2359 origine
1014 2298 1050 2339 ac
1074 2277 1262 2340 formatione
1286 2283 1418 2341 senten·

182 2392 261 2455 tiam
307 2392 501 2479 expresserit
538 2393 703 2477 ipsamque
744 2392 941 2456 dissimulato
977 2394 1114 2456 auctoris
1148 2394 1277 2457 nomine
1312 2395 1418 2458 veluti

181 2510 344 2594 propriam
377 2509 599 2594 proposuerit,
633 2508 722 2571 illam
757 2515 863 2571 tamen
898 2530 961 2572 nou
992 2510 1101 2590 alteri,
1137 2532 1231 2596 quam
1254 2510 1416 2595 Epicuro,

183 2625 425 2690 adscribendam
464 2646 532 2688 esse
571 2625 759 2709 observavi,
797 2626 893 2710 idque
928 2627 1096 2711 perspicue
1131 2633 1200 2690 tum
1234 2633 1416 2692 atomorum

181 2746 324 2827 mentio,
355 2745 471 2830 quibus
504 2743 654 2806 universa
676 2765 783 2806 rerum
808 2764 977 2827 compages
1001 2750 1146 2808 constare
1171 2745 1307 2827 dicitur,
1343 2752 1416 2809 tum

182 2862 359 2945 figurarum
380 2863 540 2943 varietas,
565 2881 646 2946 quae
671 2861 784 2924 atomis
808 2859 1013 2942 conceditur,
1039 2861 1301 2925 demonstraret”.
1325 2863 1417 2928 Huic

180 2978 319 3042 libenter
353 2977 552 3042 assentimur.
600 2977 765 3050 Quatenus
800 2976 1003 3062 Empedoclis
1035 2979 1183 3042 carminis
1206 2980 1343 3063 vestigia
1368 2981 1417 3044 in-

183 3097 353 3159 veniantur
387 3100 498 3180 postea
530 3094 697 3158 ostendere
728 3095 889 3158 inanimo
914 3103 971 3158 cst.
1017 3096 1102 3158 illud
1125 3097 1217 3160 nobis
1241 3097 1319 3160 satis
1341 3119 1418 3182 per-

183 3214 330 3299 spicuum
353 3212 496 3295 videtur,
519 3212 612 3275 utin
636 3211 797 3293 omnibus,
822 3212 865 3276 sic
888 3213 921 3274 in
944 3212 1004 3276 hac
1029 3213 1241 3299 descriptione
1266 3236 1416 3300 quoque,

184 3330 212 3393 si
234 3351 303 3393 rem
326 3329 473 3415 quidem,
497 3351 561 3392 non
583 3328 716 3392 formam
740 3329 1048 3412 animadvertamus,
1084 3330 1271 3394 Lucretium
1295 3331 1417 3417 Epicu-

183 3469 256 3512 rum
280 3453 405 3512 tantum
427 3445 616 3531 magistrum
640 3452 784 3509 secutum
808 3468 887 3510 esse.

224 3567 264 3630 In
297 3571 485 3649 argumento
515 3564 589 3628 libri
612 3565 714 3650 quinti
738 3564 914 3628 enarrando
937 3564 1106 3628 Lucretius
1129 3565 1228 3629 verba
1250 3587 1314 3629 non
1337 3565 1418 3632 fecit

182 3683 222 3747 de
256 3690 412 3748 astrorum
443 3683 591 3746 motibus.
638 3683 695 3747 Vs.
721 3685 760 3746 76
799 3689 1005 3768 ,praeterea,
1040 3685 1161 3771 inquit,
1198 3686 1272 3749 solis
1302 3707 1417 3752 cursus

180 3802 341 3887 lunaeque
365 3806 489 3864 meatus
513 3799 682 3885 expediam
706 3822 768 3886 qua
790 3801 822 3863 vi
845 3801 952 3865 flectat
967 3808 1082 3865 natura
1098 3803 1300 3885 gubernans”
1316 3809 1350 3867 et
1366 3826 1415 3869 vs.

185 3922 245 3982 772
268 3917 328 3983 hac
352 3917 496 3982 doctrina
520 3918 686 4002 exposita,
714 3919 902 4003 ,quoniam,
925 3919 1051 4004 inquit,
1075 3921 1183 4003 magni
1205 3942 1264 4006 per
1285 3922 1416 3985 caerula

183 4036 294 4099 mundi
329 4058 392 4121 qua
414 4034 484 4098 fieri
506 4035 656 4120 quicquid
678 4042 785 4120 posset
807 4037 930 4099 ratione
953 4037 1070 4100 resolvi
1102 4037 1307 4121 (explicavi),
1338 4039 1416 4103 solis

181 4153 229 4216 1111
263 4155 366 4217 varios
395 4175 504 4217 cursus
526 4153 685 4237 lunaeque
708 4159 833 4216 meatus
856 4175 987 4217 noscere
1010 4175 1175 4238 possemus
1201 4175 1283 4240 quae
1306 4155 1357 4219 vis
1381 4162 1417 4220 et

184 4271 400 4356 causafcieret
413 4271 443 4351 ,’'
467 4275 542 4332 cett.
588 4268 680 4342 Quod
703 4276 811 4333 autem
835 4270 873 4333 de
889 4271 964 4333 solis
986 4271 1144 4356 lunaeque
1164 4277 1253 4334 motu
1270 4271 1416 4337 dicturus

184 4393 273 4469 erat,
308 4386 342 4448 id
376 4407 501 4472 quoque
525 4386 563 4450 de
587 4387 679 4450 astris
700 4387 846 4470 intellegi
870 4407 943 4450 eum
965 4387 1125 4469 voluisse,
1155 4386 1299 4450 videmus
1323 4408 1342 4451 e
1365 4410 1415 4454 vs.

184 4506 353 4585 614-50,
377 4503 532 4588 imprimis
556 4526 573 4568 e
597 4526 643 4568 vs.
668 4506 730 4567 623
757 4511 894 4590 ,quanto
918 4525 1062 4590 quaeque
1084 4505 1186 4588 magis
1210 4505 1274 4567 sint
1290 4509 1415 4570 terram

183 4621 287 4686 sidera
309 4621 461 4707 propter’'
489 4628 563 4685 cett.
588 4628 683 4708 atque
707 4643 724 4684 e
748 4644 793 4686 vs.
819 4626 881 4686 643
908 4630 959 4703 ,et
981 4624 1103 4686 ratione
1127 4623 1196 4707 pari
1213 4623 1412 4688 1111111191-
