3196 5160
820 281 860 344 14

353 508 427 551 nam
450 484 554 572 siquid
575 484 709 549 mortale
733 505 751 548 e
773 483 896 548 cunctis
918 481 1064 568 pertibus
1086 485 1188 563 esset,

354 625 396 669 ex
419 605 519 668 oculis
540 624 591 667 res
613 623 758 689 quaeque
780 606 913 686 repente
937 605 1048 685 erepte
1070 600 1190 686 periret
1206 601 1238 678 ¹).

267 722 427 809 Epicurus
448 722 535 786 idem
558 722 603 786 ait
619 719 662 799 ²):
698 725 746 787 καὶ
778 724 801 786 εἶ
836 723 995 805 ἐφθείρετο
1025 716 1056 785 δὲ
1087 720 1123 785 τὸ
1153 717 1386 804 ἀφανιζόμενον
1408 720 1454 791 εἷς

225 841 261 906 τὸ
292 841 333 919 μὴ
369 841 429 918 ὄν,
461 839 555 906 πάντ’
576 837 616 904 ἂν
639 835 808 903 ἀπωλώλει
829 837 867 902 τὰ
890 838 1080 922 πράγματα,
1114 835 1173 900 οὐκ
1195 836 1300 900 ὄντων
1321 836 1385 899 τῶν
1410 835 1455 910 εἷς

227 955 247 1022 ἃ
270 954 440 1023 διελύετο.”

271 1073 343 1138 Hoc
376 1073 470 1138 modo
502 1078 610 1137 eutem
644 1078 740 1158 poeto
774 1072 915 1159 explicat
948 1070 1032 1136 hanc
1055 1070 1267 1135 sententiam:
1291 1069 1318 1133 si
1340 1090 1392 1134 res
1414 1067 1458 1133 ed

227 1189 309 1254 nihil
330 1190 433 1275 redigi
455 1196 599 1276 possent,
623 1190 748 1272 omnia,
772 1211 854 1276 quae
870 1195 961 1271 sunt,
977 1190 1084 1272 ultro,
1107 1188 1196 1252 nulle
1211 1188 1244 1252 vi
1259 1188 1371 1269 illata,
1395 1185 1458 1250 sol·

228 1313 379 1372 verentur
390 1309 433 1390 ³);
457 1313 623 1393 praeterea
644 1306 725 1370 nihil
748 1312 929 1372 remaneret
951 1306 993 1371 od
1014 1305 1229 1370 restituendos
1251 1326 1324 1388 res,

365 1426 491 1507 ,omnic
512 1425 599 1489 enim
622 1424 737 1507 debet,
768 1425 895 1489 mortali
918 1445 1049 1510 corpore
1073 1445 1154 1510 quae
1178 1429 1272 1507 sunt,

356 1543 482 1606 infinite
504 1548 592 1606 aetas
615 1563 803 1628 consumpse
827 1548 900 1606 ente
924 1548 995 1606 acto
1018 1541 1170 1627 diesque”
1187 1539 1220 1624 ⁴).

271 1657 362 1734 Quod
385 1680 458 1723 cum
480 1680 544 1723 non
566 1659 685 1723 fectum
708 1659 766 1741 sit,
793 1658 869 1723 inde
892 1659 1035 1744 sequitur
1059 1679 1191 1744 corpore
1214 1677 1305 1739 esse,
1328 1656 1459 1720 immor·

227 1775 285 1841 teli
325 1775 471 1861 praedite
515 1773 685 1858 netura⁵);
728 1774 866 1861 denique
911 1776 972 1839 nisi
1003 1775 1173 1857 ,materies
1206 1780 1338 1838 aeterne
1371 1777 1460 1837 tene·

228 1899 299 1976 ret,
333 1898 437 1957 tactus
470 1893 548 1957 setis
582 1898 666 1956 esset
700 1891 758 1956 leti
793 1893 919 1976 cause’',
952 1893 1036 1979 quod
1065 1898 1173 1957 temen
1203 1913 1268 1956 non
1294 1892 1350 1974 fit,
1384 1911 1461 1955 nam

231 2030 341 2074 omnes
374 2030 426 2073 res
464 2009 615 2091 ,discidio
650 2009 786 2073 redeunt
815 2010 849 2073 in
883 2031 1015 2095 corpore
1040 2009 1206 2074 materiei”
1222 2009 1268 2092 ὃ);
1299 2013 1460 2093 postremo

231 2127 292 2213 ipsi
328 2126 446 2191 imbres
485 2127 558 2209 ,ubi
595 2147 649 2191 eos
686 2133 779 2213 pater
811 2127 922 2192 aether
956 2128 990 2190 in
1024 2127 1182 2212 gremium
1216 2127 1328 2191 metris
1361 2124 1460 2190 terrai

229 2242 473 2328 praecipitavit”
497 2243 602 2327 perire
625 2243 754 2328 quidem
777 2243 947 2327 videntur,
972 2244 1028 2308 sed
1043 2250 1173 2327 tomen,
1198 2266 1270 2308 cum
1286 2244 1411 2330 plantas
1428 2247 1461 2306 et

229 2359 381 2425 animalia
402 2367 569 2443 recreent,
593 2361 729 2447 probant
751 2383 815 2426 non
838 2363 966 2447 penitus
988 2362 1092 2448 perire
1116 2381 1335 2448 quaecumque
1350 2360 1461 2425 viden·

230 2482 303 2559 tur,
337 2477 483 2563 ,quando
517 2478 582 2542 alid
616 2499 658 2543 ex
689 2479 751 2543 alio
786 2479 888 2544 reficit
910 2485 1046 2562 notura,
1075 2501 1135 2544 nec
1158 2481 1257 2544 ullum
1280 2500 1347 2544 rem
1371 2479 1461 2564 gigni

232 2595 353 2680 petitur
375 2595 438 2660 nisi
460 2602 562 2660 morte
585 2596 695 2662 adiuta
717 2596 842 2661 oliena’'
859 2599 892 2680 7).
938 2597 1030 2662 Haec
1046 2598 1217 2684 explicatio
1233 2618 1358 2684 quoque
1374 2596 1461 2661 lebo-

231 2719 282 2776 rot
317 2713 429 2777 eodem
454 2714 533 2778 vitio
556 2735 618 2800 quo
641 2714 856 2800 praecedens:
885 2722 1062 2780 atomorum
1085 2716 1171 2780 euim
1195 2715 1356 2797 doctrina,
1380 2735 1462 2801 quac

234 2829 309 2895 indo
333 2853 353 2896 e
376 2852 471 2895 versu
493 2833 557 2896 483
579 2832 706 2918 incipit,
730 2831 782 2897 hic
804 2833 869 2898 iem
890 2834 1158 2918 argumentationi
1174 2839 1221 2897 est
1236 2834 1376 2916 insertu;
1399 2854 1463 2919 quo

235 2947 333 3011 etiem
355 2947 474 3011 fectum
499 2953 568 3030 est,
591 2953 628 3012 ut
656 2947 797 3013 difficilia
820 2949 883 3012 sint
910 2948 1061 3014 distinctu
1087 2955 1277 3035 argumente
1291 2972 1337 3015 νε.
1354 2951 1462 3014 219-

237 3068 301 3130 224
335 3073 368 3129 et
398 3069 569 3132 239-247
586 3068 621 3149 8).
653 3105 694 3113 -
728 3067 781 3131 Ex
815 3066 903 3132 hisce
934 3069 1099 3155 principiis
1130 3074 1238 3132 eutem
1260 3088 1390 3132 necesse
1414 3072 1464 3131 est

238 3189 405 3269 sequatur,
428 3185 614 3249 universum
637 3187 765 3251 omnino
789 3186 969 3272 quantitate
991 3208 1056 3250 non
1077 3187 1212 3269 mutari,
1235 3207 1339 3272 neque
1364 3185 1464 3250 demi-

270 3386 289 3446 1)
321 3386 520 3438 Vsum-218.

270 3481 289 3542 ²)
324 3482 356 3532 D.
374 3481 467 3543 L.,X.
485 3484 524 3531 39.

270 3577 290 3644 θ)
326 3576 369 3627 Vs.
388 3580 443 3627 224.

271 3671 290 3732 ⁴)
323 3671 366 3723 Vs.
384 3675 439 3722 232.

273 3767 292 3830 ⁵)
326 3767 369 3818 Vs.
388 3771 443 3817 236.

274 3860 292 3921 ⁶)
326 3860 370 3912 Vs.
389 3863 446 3913 249.

274 3955 295 4021 τ)
329 3955 373 4006 Vs.
392 3959 439 4006 264
456 3956 488 4006 cf.
505 3955 580 4006 Arist.
593 3955 701 4022 metaph.
711 3957 755 4018 II,
769 3960 801 4019 2,
818 3974 843 4021 p.
856 3961 903 4006 994
921 3958 1058 4023 ἡὲατέρον
1070 3958 1153 4024 φθόρε
1165 3961 1275 4025 θατέρου
1291 3961 1345 4012 lori
1356 3963 1468 4027 γένεσις,

242 4066 305 4114 quac
321 4051 397 4101 verba
413 4051 516 4102 fortusse
533 4051 564 4100 eb
580 4051 688 4116 Epicuro
704 4068 736 4102 ex
752 4053 898 4114 Aristotele,
916 4052 987 4104 cuius
998 4052 1090 4117 placitu
1102 4071 1173 4119 saepe
1189 4071 1248 4106 suae
1259 4056 1384 4107 doctrinae
1396 4073 1468 4108 occo-

242 4144 367 4206 moduvit,
385 4150 445 4195 sunt
461 4150 567 4209 sumpte.

276 4241 296 4300 8)
331 4240 358 4290 si
381 4242 453 4291 modo
478 4243 542 4292 inest
564 4241 710 4303 discrimen,
738 4243 804 4307 quod
830 4243 970 4294 Gessendus
997 4243 1097 4309 quidem
1122 4245 1196 4306 vult,
1225 4263 1271 4311 ego
1298 4263 1349 4298 non
1375 4247 1467 4310 vidoo;

244 4353 281 4387 νε.
300 4338 348 4385 219
364 4351 447 4400 seqq„
474 4337 525 4396 eit,
543 4337 613 4386 nulle
637 4337 663 4386 vi
680 4354 741 4400 opus
758 4353 810 4387 esse
827 4338 912 4388 adres
929 4340 960 4389 ed
976 4339 1056 4389 nilum
1073 4340 1267 4402 interemendes,
1285 4342 1334 4393 nisi
1350 4342 1467 4394 materies

245 4438 345 4482 selerne
360 4437 440 4482 esset:
465 4431 582 4497 quoniam
606 4449 656 4484 non
680 4433 708 4484 in
732 4439 814 4498 partos
838 4434 952 4485 minimas
969 4436 1072 4487 dissolvi
1088 4437 1218 4499 deberent;
1243 4454 1280 4487 νε.
1299 4441 1345 4487 239
1362 4439 1467 4488 condem

246 4527 298 4579 vim
314 4543 398 4580 omncs
419 4544 458 4577 res
482 4543 553 4591 posse
569 4529 702 4590 conficere,
724 4529 774 4579 nisi
790 4534 905 4581 materies
922 4539 1021 4581 aeterne
1037 4537 1147 4594 teneret;
1172 4550 1231 4583 nem
1254 4509 1305 4585 non
1321 4549 1382 4598 opus
1399 4539 1466 4584 esset

245 4623 272 4676 vi
288 4623 394 4688 quadam
411 4623 442 4672 ed
459 4627 596 4672 atomorum
612 4628 755 4674 contextum
771 4624 933 4676 solvendum:
951 4631 1032 4677 tectus
1047 4627 1098 4677 iam
1114 4643 1198 4678 omnes
1214 4643 1254 4678 res
1271 4627 1435 4679 interemeret.
