3196 5160
768 307 830 370 134

184 508 270 592 globi
303 508 503 573 revolutione
537 508 630 573 modo
653 509 768 592 aliam,
802 509 896 573 modo
919 510 1016 573 aliam
1038 508 1171 574 formam
1193 507 1409 585 videamus1).

183 625 330 711 Denique
364 625 523 690 Heracliti
557 627 664 712 opinio
698 627 801 690 refelli
825 649 888 690 non
911 633 1037 712 potest,
1069 628 1123 713 qui
1146 626 1238 690 docet
1225 632 1411 711 t„semper

182 763 298 808 novam
333 743 442 806 lunam
472 744 572 808 creari
606 743 716 807 ordine
739 731 911 808 lormarum
935 751 1021 807 certo
1045 745 1202 829 certisque
1225 744 1359 827 figuris’'
1375 742 1411 820 ²).

184 859 312 924 Oumt
299 865 407 924 tamen
437 859 519 924 obici
542 868 649 945 posset
671 861 787 923 mirum
810 881 879 925 esse
903 861 1059 925 eiusmodi
1082 866 1204 925 certum
1229 860 1412 924 definitum·

183 998 246 1063 que
279 977 440 1060 ordinem,
475 982 570 1063 poeta
599 983 728 1057 monet,
764 980 951 1041 utantea
943 1000 1006 1042 ram
1029 978 1105 1042 fecit
1092 975 1164 1061 tl),
1199 979 1300 1042 multa
1267 983 1413 1041 tcerto

183 1100 326 1179 tempore
361 1100 510 1180 certoque
545 1095 654 1158 ordine
688 1117 708 1158 a
740 1101 855 1159 natura
878 1096 992 1159 creari.
1038 1095 1227 1180 Epicurus
1219 1118 1252 1159 1n
1276 1096 1360 1181 epist
1346 1096 1414 1160 tola

182 1211 223 1276 ad
267 1210 456 1297 Pythoclem
500 1211 610 1297 paucis
645 1217 771 1275 tantum
805 1213 911 1276 verbis
950 1212 1040 1276 hunc
1076 1213 1182 1276 locum
1218 1213 1350 1296 attingit
1366 1211 1412 1295 4);

183 1330 326 1405 κενώσεις
359 1357 391 1394 τε
420 1328 558 1407 σελήνης
588 1334 637 1395 καὶ
667 1329 766 1395 πόλιν
798 1329 1041 1415 συμπληρώσεις
1073 1336 1121 1396 καὶ
1156 1331 1231 1396 κατὰ
1266 1333 1414 1417 στροφὴν

182 1453 238 1513 τοῦ
261 1448 406 1530 σώματος
428 1449 542 1512 τούτου
565 1443 701 1512 δήναιντ’
726 1447 764 1513 ἂν
789 1441 933 1534 γίνεσθαι
949 1447 1000 1530 (ad
1036 1448 1131 1511 Lucr.
1155 1447 1283 1511 tertiam
1308 1447 1414 1532 expli·

182 1564 339 1628 nationem
361 1561 440 1627 haec
463 1568 536 1626 sunt
563 1562 740 1642 referenda)
765 1569 812 1629 rai
830 1566 905 1629 κατὰ
922 1569 1164 1651 σχηματισμοὺς
1180 1566 1274 1650 ἀέρος
1290 1568 1413 1647 ὁμοίως
1437 1554 1442 1559 ”

183 1680 280 1767 (quod
313 1681 407 1744 Lucr.
437 1702 502 1744 non
536 1683 721 1765 memorat),
767 1681 809 1747 έτι
839 1710 869 1746 τε
905 1687 953 1748 καὶ
992 1682 1056 1748 κατ’
1087 1685 1333 1767 έπιπροσθήσεις
1363 1687 1412 1747 καὶ

183 1799 258 1863 κατὰ
295 1800 418 1873 πάντας
455 1800 617 1883 τρόπους,
652 1799 721 1864 καθ’
758 1797 815 1875 οὓς
855 1803 904 1863 καὶ
941 1799 979 1864 τὰ
1019 1799 1091 1884 παρ’
1131 1801 1204 1878 ἡμῖν
1238 1801 1413 1884 φαινόμενα

182 1912 350 1978 ἐκκαλεῖται
388 1915 512 1989 εἰςτὰς
533 1916 647 1978 τούτου
670 1920 727 1978 τοῦ
751 1911 854 1990 εἴδους
879 1911 1074 1993 ἀποδόσεις,
1110 1916 1164 1979 ἐὰν
1197 1917 1239 1996 μή
1271 1943 1320 1990 τις
1354 1917 1414 1980 τὸν

182 2040 307 2116 μοναχῆ
344 2032 466 2116 τρόπον
507 2033 734 2115 κατηγαπηκὼς
777 2033 852 2107 τοὺς
899 2030 1024 2109 ἀλλους
1060 2032 1104 2106 ὡς
1142 2034 1251 2110 κενοὺς
1294 2029 1414 2097 ἀποδο-

181 2145 313 2231 κιμόζη,
355 2147 392 2211 οὐ
430 2147 631 2231 τεθεωρηκὼς
667 2142 697 2211 ri
733 2142 869 2211 δυνατὸν
906 2146 1065 2232 ἀνθρώπῳ
1106 2149 1261 2231 θεωρῆσαι
1298 2152 1347 2212 καὶ
1384 2151 1415 2212 τί

76 2309 82 2318 „
182 2258 359 2340 ἀδύνατον,
396 2267 444 2327 καὶ
480 2260 529 2328 διὰ
563 2263 646 2327 τοῦτ’
675 2260 814 2328 ἀάήνατα
840 2266 969 2347 θεωρεῖν
1000 2265 1177 2345 ἐπιθυμῶν,
1216 2261 1286 2344 (hoc
1325 2262 1414 2326 idem

182 2377 276 2442 Lucr.
320 2376 489 2442 Chaldaeis
530 2377 647 2460 obicit,
695 2398 743 2441 vs.
783 2379 843 2441 727
884 2379 984 2464 seqq.)
1019 2378 1060 2443 ’ἐτι
1098 2379 1126 2442 τ’
1154 2377 1309 2464 ἐνδέχεται
1352 2382 1414 2456 τὴν

183 2494 320 2572 σελήνην
361 2493 395 2570 ἐξ
430 2499 538 2574 ἑαυτής
580 2495 662 2582 ’ἔχειν
699 2497 736 2560 τὸ
774 2499 858 2581 φῶς,
899 2493 1054 2583 ἐνδέχεται
1089 2495 1120 2562 di
1166 2502 1214 2562 καὶ
1252 2498 1316 2562 ἀπὸ
1353 2503 1414 2561 τοῦ

185 2611 292 2688 ἡλίου.

230 2728 331 2809 „Solis
365 2728 444 2793 item
472 2749 598 2814 quoque
622 2728 763 2792 defectus
785 2729 943 2815 lunaeque
967 2729 1106 2792 latebras
1129 2730 1274 2816 pluribus
1297 2751 1314 2793 e
1336 2751 1416 2794 cau·

107 2915 109 2918 y
183 2846 225 2909 sis
248 2846 316 2909 fieri
339 2847 398 2912 tibi
420 2867 512 2932 posse
535 2845 759 2932 putandumst3
784 2868 858 2910 nam
881 2867 937 2910 cur
959 2846 1036 2911 luna
1059 2854 1154 2933 queat
1172 2853 1292 2911 terram
1309 2848 1417 2912 seclu-

184 2961 258 3027 dere
281 2963 356 3028 sclis
384 2964 507 3028 lumine
531 3001 593 3047 -‚
617 2963 757 3029 obiciens
780 2984 910 3028 caecum
943 2963 1040 3027 radiis
1068 2963 1253 3028 ardentibus
1277 2965 1416 3031 orbem:

183 3086 326 3167 tempore
364 3080 476 3145 eodem
510 3082 590 3146 aliut
625 3119 665 3128 —
700 3103 830 3167 corpus,
868 3081 953 3167 quod
989 3103 1113 3146 cassum
1135 3081 1260 3146 labatur
1290 3083 1418 3149 lumine

184 3218 330 3282 semper,
356 3197 461 3265 facere
492 3198 525 3261 id
555 3221 619 3262 non
656 3219 748 3284 posse
787 3200 965 3284 putetur”?
984 3201 1018 3276 5).
1065 3198 1191 3262 Harum
1225 3200 1311 3285 prior
1345 3202 1418 3286 opi-

184 3314 316 3378 nionum
351 3315 496 3379 Platonis
543 3321 591 3379 est
629 3320 661 3379 et
698 3315 882 3380 Aristotelis
919 3322 951 3379 et
986 3316 1185 3398 Stoicorum,
1219 3323 1300 3402 teste
1338 3319 1417 3382 Plu·

184 3430 294 3497 tancho
318 3434 361 3523 ὓ),
404 3431 483 3496 haec
525 3433 624 3497 verba
662 3432 821 3497 referente
867 3432 906 3496 de
949 3433 1044 3496 lunae
1094 3434 1157 3515 „lat
1159 3434 1288 3497 ebris’‘:
1335 3438 1416 3517 „rig

185 3547 406 3660 δέέκλεέψεις
443 3550 553 3616 dicunt
596 3552 707 3615 lunam
744 3551 868 3615 efficere
907 3556 950 3632 εἶς
990 3553 1026 3617 τὸ
1068 3556 1204 3634 σκίασμα
1247 3562 1302 3628 τῆς
1353 3583 1417 3639 γης

184 3650 415 3750 ἐμπίπτουσαν,
455 3667 570 3751 μεταξυ
609 3674 665 3751 μὲν
711 3671 895 3754 ἀμφοτέρων
935 3673 999 3734 τῶν
1043 3668 1184 3751 ἀστέρων
1223 3674 1413 3756 γινομένης,

184 3784 313 3867 μᾶλλον
350 3781 381 3851 δὲ
415 3791 454 3872 τῇ
489 3785 607 3872 σελήνη
642 3785 947 3873 ἀντιφραττομένης,
971 3785 1077 3849 idi
1027 3791 1077 3849 est
1090 3808 1194 3868 ,cum
1216 3787 1250 3850 in
1265 3787 1415 3852 umbram

219 4075 237 4136 Ι)
273 4075 317 4126 Va.
336 4076 456 4128 720-30.

217 4171 237 4232 ²)
271 4170 314 4220 Va.
333 4171 453 4223 lac-50.
489 4170 556 4221 Plut.
580 4171 643 4234 plac.
663 4171 708 4231 ΙΙ,
736 4188 788 4234 cap.
808 4175 852 4221 28:
878 4170 1044 4236 Ἡράκλειτος
1061 4176 1089 4224 τὸ
1107 4173 1172 4225 αὐτὸ
1190 4175 1350 4225 πεπονθέναι
1368 4180 1414 4228 τὸν

186 4264 276 4325 ήλιον,
294 4265 337 4314 καὶ
355 4267 403 4324 τὴν
421 4267 544 4326 σελήνην.

217 4358 236 4416 ³)
270 4357 313 4408 Vs.
332 4360 470 4412 oca-679.
558 4358 560 4362 ⁴

218 4451 236 4512 ⁴)
271 4453 371 4517 Puragn
390 4456 427 4502 94.
461 4453 570 4504 Uberius
585 4454 613 4504 in
628 4454 725 4518 perdito
740 4455 804 4506 libro
821 4454 876 4505 XII
894 4456 952 4520 περὶ
968 4455 1071 4521 φύσεως.
1107 4455 1145 4506 Of.
1164 4459 1203 4506 96.

218 4547 238 4610 ⁶)
272 4547 314 4597 Vs.
335 4548 456 4601 751-57.

218 4641 239 4708 6)
274 4643 341 4692 Plac.
359 4642 406 4703 11,
424 4645 464 4695 29.
