3196 5160
791 309 810 371 5

190 509 336 594 voluptas
357 509 391 572 in
414 529 536 573 errores
558 511 696 591 multos,
726 515 762 573 ut
792 509 897 594 ipsum
921 509 1130 593 Ciceronem,
1153 509 1281 574 induxit
1298 511 1338 595 ¹),
1364 532 1415 602 cui

98 686 101 694 .
189 627 260 689 voci
282 627 315 689 in
338 627 454 690 malam
478 632 602 711 partem
625 626 806 709 adhibitae,
830 627 988 709 activam,
1019 633 1055 690 ut
1077 628 1123 690 ita
1147 627 1272 710 dicam,
1296 628 1415 712 signifi·

189 744 345 806 cationem
368 742 608 824 adscribebant,
636 764 828 829 quamquam
852 744 949 806 animi
967 744 1187 807 tantummodo
1204 745 1416 829 tranquillita·
1488 750 1493 762 ⁸

188 860 229 922 tis
252 859 445 945 (ἀταραξίας)
474 860 739 944 significationem
761 861 878 925 habet:
914 866 1011 943 »ὅταν
1042 863 1102 928 οὖν
1125 862 1268 949 λέγωμεν
1291 861 1414 941 ἡδονὴν

189 977 281 1052 τέλος
315 978 413 1058 εἶναι,
451 979 489 1042 οὐ
523 976 580 1052 τας
604 983 667 1042 τῶν
691 979 822 1044 ἀσώτων
846 977 966 1055 ἡδονᾶς
1002 984 1050 1044 καὶ
1084 981 1141 1054 τὰς
1175 983 1208 1044 ἐν
1242 979 1413 1046 ἀπολαύσω

189 1098 325 1175 κειμένας
357 1094 512 1179 λέγομεν,
546 1097 590 1169 ὥς
619 1123 702 1169 τινες
725 1096 919 1180 ἀγνοοῦντες
953 1102 1001 1162 καὶ
1036 1097 1100 1182 οὐχ
1134 1096 1414 1183 ὁμολογοῦντεςῆ

190 1218 289 1287 κακῶς
324 1211 520 1298 ἐκδεχόμενοι
552 1212 758 1295 νομίζουσιν,
787 1212 874 1278 ἄλλα
906 1215 942 1277 τὸ
976 1214 1045 1288 μήτ’
1075 1213 1189 1297 ἀλγεῖν
1220 1212 1295 1279 κατὰ
1326 1218 1416 1297 σῶμα

193 1333 267 1412 μήτε
289 1333 494 1415 ταράττεσθαι
518 1328 595 1395 urard
616 1329 758 1417 ψνχῆν”.
782 1330 822 1394 D.
846 1331 884 1394 L.
908 1330 950 1393 X.
978 1333 1049 1394 131.

231 1446 379 1531 Denique
411 1468 483 1510 cum
506 1446 680 1510 vehemens
704 1452 788 1510 esset
810 1452 972 1510 certamen
995 1448 1080 1511 inter
1103 1453 1275 1511 sectatores
1298 1448 1416 1512 utrius·

189 1586 249 1650 que
284 1564 431 1646 scholae,
466 1586 584 1648 magna
618 1586 690 1649 pars
723 1564 818 1628 huius
852 1565 1031 1628 calumniae
1067 1565 1181 1628 Stoicis
1205 1564 1415 1629 adscribenda

189 1688 257 1763 est,
281 1683 335 1768 qui
358 1704 415 1767 per
437 1682 484 1746 fas
507 1689 540 1746 et
563 1682 651 1745 nefas
675 1682 871 1746 adversarios
896 1704 968 1745 suos
991 1682 1263 1768 persequebantur
1278 1679 1314 1759 2).

231 1799 381 1864 Veriores
413 1822 544 1882 causas,
580 1801 606 1863 si
639 1800 715 1886 quid
737 1800 903 1882 videmus,
934 1800 1047 1864 afferre
1071 1800 1147 1864 licet
1169 1799 1236 1863 has.
1282 1799 1415 1886 Epicuri
1444 1805 1446 1809 ’

188 1917 330 1980 doctrina
362 1917 395 1979 in
428 1917 523 1980 rebus
558 1917 633 1980 visis
667 1917 874 1999 versabatur,
909 1917 978 1980 eius
1012 1916 1216 2001 philosophia
1256 1917 1413 2002 imprimis

188 2040 320 2098 naturae
344 2036 558 2118 cognitionem
574 2036 847 2121 qualemcunque,
871 2056 964 2098 veras
979 2056 1087 2098 rerum
1103 2056 1235 2117 causas,
1260 2035 1414 2118 docebat,

188 2153 274 2238 quod
297 2175 368 2217 oum
391 2154 611 2217 Romanorum
634 2154 756 2235 indole,
780 2153 947 2216 notionum
969 2173 1077 2216 rerum
1093 2175 1113 2216 a
1129 2153 1274 2216 sensibus
1293 2153 1416 2216 seiunc-

189 2277 294 2334 tarum
317 2271 555 2356 inquisitionem
571 2271 805 2356 adspemante,
829 2271 948 2355 optime
965 2269 1170 2354 congruebat.
1217 2270 1296 2351 „Oui
1311 2271 1415 2334 bono”

188 2409 313 2473 semper
335 2389 468 2471 rogabat
492 2388 656 2452 Romanus
679 2388 749 2450 vir:
773 2387 850 2472 quin
873 2387 970 2451 etiam
994 2387 1127 2469 Cicero,
1151 2409 1343 2472 quamquam
1359 2409 1417 2472 per

188 2526 222 2568 se
246 2505 411 2569 scientiam
433 2506 631 2590 voluptatem
654 2505 767 2568 afferre
792 2504 917 2567 dicebat
930 2501 974 2587 ³),
998 2510 1106 2568 tamen
1129 2525 1186 2589 per
1209 2526 1319 2569 omnes
1343 2527 1416 2569 suas

187 2622 422 2708 philosophicas
455 2622 702 2686 exercitationes
736 2627 859 2685 certum
893 2622 989 2684 finem
1020 2628 1094 2685 ante
1125 2623 1232 2686 oculos
1254 2622 1414 2706 habebat3

188 2762 252 2826 quo
288 2741 386 2805 otiam
409 2740 529 2805 factum
553 2746 619 2823 est,
642 2746 678 2803 ut
701 2739 767 2802 fere
791 2759 900 2802 omnes
924 2738 1079 2824 Epicurei
1101 2738 1254 2821 Romani,
1277 2739 1352 2803 inde
1375 2739 1415 2802 ab

187 2858 348 2922 Amafinio
370 2879 471 2944 usque
495 2857 535 2922 ad
558 2859 755 2939 Lucretium,
778 2856 944 2942 physicam
968 2856 1104 2941 Epicuri
1128 2856 1303 2921 doctrinam
1318 2856 1416 2941 potis-

187 2976 302 3039 simum
325 2981 508 3040 tractarent.
553 2976 686 3039 Minime
709 2981 796 3038 recte
820 2995 896 3058 ergo
919 2973 1064 3037 nonnulli
1075 2973 1100 3056 4)
1124 2972 1281 3038 affirmare
1305 2973 1414 3037 viden·

188 3099 241 3156 tur
263 3092 429 3184 physicam
447 3093 622 3156 doctrinam
645 3115 664 3156 a
681 3093 826 3156 Romano
850 3090 979 3174 ingenio
996 3111 1125 3174 prorsus
1141 3090 1238 3154 fuisse
1254 3089 1412 3153 alienam:

188 3210 325 3294 Vergilii
340 3211 458 3274 verba:
486 3210 583 3292 „felix
608 3210 662 3295 qui
685 3209 790 3295 potuit
805 3229 912 3271 rernm
936 3228 1127 3292 cognoscere
1143 3207 1277 3271 causas”
1303 3228 1413 3271 eorum

188 3327 370 3411 opinionem
392 3326 511 3409 reddit,
535 3327 589 3412 qui
613 3327 825 3410 agriculturae
842 3332 931 3389 tanto
948 3326 1053 3389 studio
1068 3325 1297 3390 incumbebant
1313 3347 1413 3412 eoque

187 3443 256 3527 ipso
280 3443 321 3506 ad
343 3449 477 3507 naturae
500 3443 632 3506 rationis
655 3444 933 3527 investigationem
957 3443 1177 3527 ducebantur,
1200 3444 1326 3508 etiamsi
1341 3444 1414 3507 reli-

189 3560 290 3642 gionis
306 3561 435 3624 vincula
457 3562 578 3625 animos
601 3583 620 3624 a
642 3561 744 3625 libera
758 3561 1005 3645 investigatione
1022 3561 1212 3624 retinebant.
1241 3561 1415 3626 Praeterea

188 3675 289 3739 forma
310 3677 363 3740 vel
379 3677 515 3740 elocutio
532 3677 764 3762 Epicureorum
780 3677 969 3762 scriptorum
986 3677 1103 3741 multos
1119 3676 1299 3741 alliciebat:
1323 3676 1412 3760 haec,
1503 3744 1504 3747 ,

220 3878 240 3942 ¹)
276 3879 349 3928 Tuae.
367 3879 420 3928 ΠΙ.
440 3883 486 3940 20,
504 3883 543 3928 49.
569 3879 600 3930 V.
620 3883 650 3928 26
667 3885 692 3929 et
708 3879 808 3944 passim.

219 3972 239 4038 2)
276 3973 317 4022 Sic
334 3973 475 4034 Dictimus,
494 3973 592 4024 Stoicus
608 3973 786 4037 philosophus,
805 3974 836 4022 D.
855 3974 883 4023 L.
902 3974 935 4023 X.
954 3977 968 4023 3
985 3979 1010 4024 et
1027 3974 1071 4024 alii
1088 3979 1110 4022 4.
1144 3974 1223 4024 Recte
1241 3973 1412 4037 Schoemann,

188 4070 218 4120 de
242 4070 300 4119 Nat.
318 4070 383 4119 deor.
401 4086 457 4134 pag.
476 4075 505 4119 3:
540 4071 618 4130 „Wer
634 4088 682 4120 nur
698 4070 905 4134 einigermaassen
921 4070 968 4120 mit
984 4071 1027 4120 der
1044 4068 1191 4120 Geschichte
1209 4071 1252 4120 der
1268 4071 1336 4121 alten
1352 4071 1413 4121 Phi·

187 4164 297 4229 losophie
321 4167 373 4214 und
397 4167 440 4215 der
464 4167 571 4230 K'ampfe
588 4167 631 4216 der
647 4166 838 4216 verschiedenen
856 4165 965 4216 Schulen
981 4166 1092 4216 bekannt
1108 4165 1157 4227 ist,
1183 4167 1227 4216 der
1243 4166 1315 4217 weiss
1332 4167 1412 4229 auch,

188 4262 243 4310 dass
260 4261 314 4310 hier
329 4260 400 4311 nicht
416 4261 504 4312 immer
519 4262 565 4312 mit
582 4278 645 4326 ganz
663 4262 789 4312 rodlichen
799 4262 899 4311 Waffen
911 4261 1040 4325 gestritten
1052 4262 1152 4322 wurde‚
1170 4262 1275 4313 scudem
1290 4262 1414 4328 vielfaltig

187 4356 252 4405 auch
268 4357 445 4420 Verdrehung,
471 4357 633 4421 Entstellung
650 4358 701 4406 und
718 4354 905 4420 unbcrechtigte
931 4355 1215 4420 Consequenzmacherei
1231 4373 1275 4407 aus
1292 4358 1339 4407 den
1357 4357 1412 4408 sat-

187 4469 235 4502 zen
251 4453 294 4502 der
311 4454 409 4517 Gegner
424 4453 552 4504 vorkam.''

220 4548 239 4613 ³)
274 4549 377 4598 deFin.
395 4548 417 4596 I.
436 4549 458 4600 7.

220 4640 241 4702 4)
275 4641 357 4691 Ritter
372 4646 397 4691 et
414 4641 523 4692 Preller:
542 4640 611 4691 Hist.
628 4642 716 4705 philos.
750 4642 851 4706 Lange,
870 4642 958 4692 Gesch.
976 4642 1018 4690 des
1036 4640 1158 4691 Matericl.
