3196 5160
762 327 823 390 118

182 527 328 606 πάντων,
359 527 435 594 nurci
464 527 650 615 πλεονοχὸν
680 531 802 614 τρόπον
836 531 1102 613 ἐκκαθαιρομένων
1133 529 1312 614 συμφώνως
1338 537 1408 602 τοῖς

183 646 404 728 φαινομένοις,
432 647 509 709 ὅταν
543 673 591 718 τις
624 646 661 708 τὸ
696 644 1016 729 πιθανολογούμενον
1039 647 1116 729 ὑπὲρ
1141 646 1245 709 αὐτῶν
1270 642 1409 719 δεόντως

182 760 353 847 καταλίπῃ’
381 762 506 842 ,omnia
527 761 626 844 igitur
649 761 682 823 in
706 761 853 824 omnibus
876 761 957 824 fiunt
980 761 1157 825 secundum
1172 760 1409 824 immutabilem

180 875 338 939 rationem
363 876 408 955 (id
431 883 499 940 est:
523 876 556 939 in
580 877 726 940 omnibus
748 854 978 961 phaenomenis
1002 877 1133 940 eaedem
1156 883 1291 940 naturae
1318 876 1410 959 leges

182 992 344 1057 observari
377 994 540 1079 possunt),
571 993 597 1056 si
621 994 789 1078 multiplici
812 994 935 1057 ratione
967 993 1010 1075 (id
1033 1000 1097 1056 est:
1134 994 1180 1056 ita
1213 1000 1249 1056 ut
1281 993 1412 1076 singula

182 1108 403 1195 phaenomena
436 1109 552 1173 iterata
585 1114 710 1172 tantum
744 1108 887 1173 adhibita
917 1109 1164 1193 investigatione
1189 1109 1410 1194 explicentur)

183 1234 404 1312 expurgantur
438 1226 666 1290 convenienter
688 1226 748 1308 iis,
783 1247 864 1311 quae
898 1226 1065 1309 videntur,
1101 1248 1198 1311 quum
1229 1227 1300 1311 quis
1324 1226 1412 1312 quod

183 1342 390 1428 probabiliter
424 1341 463 1406 dc
497 1342 537 1405 iis
573 1340 822 1427 (phaenomenis)
854 1341 980 1424 dicitur,
1015 1350 1051 1406 ut
1074 1348 1221 1427 oportet,
1255 1343 1413 1428 relinquit

184 1461 266 1545 (fieri
296 1481 388 1546 posse
422 1459 590 1543 concedit).
620 1463 696 1525 ὅταν
727 1459 759 1526 δέ
788 1490 835 1536 τις
859 1463 895 1525 τὸ
919 1467 975 1536 μὲν
1000 1461 1143 1547 ἀπολίπῃ
1167 1465 1245 1534 (non
1269 1462 1414 1524 omiserit

183 1579 239 1643 sed
260 1580 456 1664 reliquerit),
478 1581 515 1644 τὸ
540 1577 570 1645 δὲ
594 1577 715 1665 ἐκβάλῃ
739 1583 858 1660 ὁμοίως
882 1582 1056 1664 σύμφωνον
1080 1580 1118 1643 ὂν
1140 1585 1184 1664 περ
1208 1583 1414 1665 φαινομένῳ,

182 1693 281 1771 δῆλον
316 1699 364 1761 ὅτι
397 1701 445 1761 καὶ
481 1699 512 1761 ἐκ
541 1697 662 1770 παντὸς
693 1699 827 1760 ἐκπίπτει
862 1696 1162 1781 φυσιολογήματος,
1199 1699 1246 1760 ἐπὶ
1282 1692 1314 1760 δὲ
1352 1698 1413 1760 τὸν

181 1818 285 1895 μῦθον
309 1823 470 1898 καταρρεῖ.
495 1822 603 1895 σημεῖα
634 1808 666 1877 δέ
687 1840 755 1876 τινα
779 1816 843 1875 τῶν
866 1814 898 1876 ἐν
921 1820 990 1886 τοῖς
1012 1813 1177 1896 μετεώροις
1201 1812 1413 1894 συντελουμέ-

183 1958 248 1995 νων
272 1933 354 2015 φέρει
378 1929 459 2012 (cod.
484 1934 599 2015 φέρειν)
623 1933 687 1994 τῶν
711 1930 782 2013 παρ’
806 1930 880 2010 ἡμῖν
903 1957 972 1993 τινα
996 1931 1193 2014 φαινομένων
1215 1927 1414 2013 ἃθεωρεῐπαι

182 2045 306 2133 ᾗ(οο(λ.
330 2047 363 2130 ἢ)
398 2045 546 2134 ὑπάρχει,
580 2050 628 2111 καὶ
663 2046 720 2110 οὐκ
752 2045 829 2110 citrei
859 2043 897 2109 rel
921 2044 1004 2127 (cod.
1029 2045 1066 2109 οὐ
1090 2042 1127 2109 rcl
1149 2045 1271 2108 mutavi
1294 2045 1328 2107 in
1353 2049 1415 2110 οὐκ

183 2163 261 2230 αὐτοὶ
283 2161 341 2246 τά,
375 2163 525 2249 quoniam
548 2163 627 2226 mihi
652 2163 756 2226 dicere
780 2161 906 2226 videtur
929 2162 1106 2248 Epicurus,
1138 2183 1219 2248 quae
1243 2163 1329 2247 apud
1352 2185 1415 2227 nos

182 2281 332 2345 videntur
354 2303 418 2345 non
441 2281 553 2345 eadem
577 2302 645 2344 esse
668 2286 764 2366 atque
788 2301 842 2361 ea,
867 2301 948 2366 quae
972 2280 1005 2342 in
1030 2281 1118 2344 eaelo
1140 2281 1329 2362 videantur,
1354 2282 1415 2344 sed

182 2400 298 2463 similia
328 2405 474 2482 tantum,
505 2399 624 2463 indicia
656 2400 808 2463 nonnulla
842 2399 997 2484 equibus
1033 2398 1180 2462 concludi
1210 2400 1310 2483 possit
1333 2401 1415 2484 quid

176 2516 326 2600 possibile
360 2516 412 2593 sit)
445 2520 477 2582 ἐν
504 2525 572 2590 τοῖς
606 2517 769 2600 μετεώροις
794 2517 965 2601 φαινόμενα
1002 2514 1050 2597 (τὰ
1074 2518 1244 2601 φαινόμενα
1268 2514 1414 2599 Epicuro

182 2654 246 2697 non
269 2637 343 2696 sunt
365 2652 472 2696 rerum
495 2631 701 2717 apparentiae
724 2631 813 2717 (quas
837 2630 982 2716 φάσματα
1006 2632 1123 2714 vocat),
1144 2630 1199 2694 sed
1221 2651 1273 2693 res
1296 2631 1412 2715 ipsae,

183 2771 264 2836 quae
294 2751 484 2836 apparent).
517 2757 612 2815 ταῦτα
647 2751 709 2835 γὰρ
742 2746 896 2834 ἐνδέχεται
920 2749 978 2831 (sic
1002 2748 1070 2812 cod.
1094 2748 1206 2831 Leia,
1239 2748 1315 2811 alii:
1353 2751 1415 2814 οὐκ

183 2865 347 2954 ἐνδέχεται)
369 2866 562 2953 πλεοναχῶς
584 2869 754 2953 γενέσθαι.
778 2868 814 2930 τὸ
837 2870 941 2949 μέντοι
965 2864 1130 2952 φάντασμα
1154 2864 1291 2932 ἑκάστων
1314 2895 1414 2951 τηρη-

183 2989 255 3052 τέον
290 2991 338 3051 καὶ
362 2988 409 3052 ἐπὶ
443 2985 481 3052 τό
513 2987 730 3067 συναπτόμενα
758 2989 858 3070 τούτῳ
882 2982 1065 3070 διαιρετέον,
1100 2982 1119 3049 ἃ
1144 2984 1201 3049 οὐκ
1223 2984 1413 3068 ἀντιμαρτυ-

183 3113 280 3189 ρεῖται
307 3112 376 3179 τοῖς
399 3104 471 3189 παρ’
495 3105 570 3186 ἡμῖν
592 3106 771 3188 γινομένοις
793 3102 985 3188 πλεοναχῶς
1008 3101 1257 3167 συντελεῖσθαι.”
1288 3101 1414 3165 Lucre-

184 3220 247 3284 tius
269 3220 303 3283 in
325 3241 360 3285 re
383 3225 449 3284 tam
472 3219 562 3305 gravi
584 3241 603 3283 a
625 3219 778 3302 magistro
800 3240 864 3282 non
888 3197 1036 3282 aberrat:
1066 3218 1160 3302 ,quid
1170 3219 1274 3301 possit
1288 3217 1415 3302 fiatque

184 3357 242 3423 per
275 3357 368 3400 omne
402 3336 435 3399 in
465 3335 562 3399 variis
594 3335 722 3398 mundis
756 3335 845 3398 varia
877 3334 1002 3397 ratione
1038 3335 1175 3417 creatis,
1221 3334 1254 3396 id
1288 3334 1413 3418 doceo,

183 3455 348 3538 plurisque
378 3474 492 3540 sequor
515 3453 682 3539 disponere
705 3473 819 3516 consus
838 3451 981 3516 ,motibus
1005 3458 1162 3525 astrorum
1186 3472 1266 3537 quae
1286 3453 1415 3536 possint

185 3590 254 3634 esse
276 3590 334 3655 per
357 3590 464 3653 omne,
499 3589 517 3632 e
540 3569 655 3655 quibus
684 3590 751 3632 ιαια
774 3573 882 3633 tamen
905 3569 965 3631 siet
988 3568 1063 3631 baec
1085 3589 1211 3654 quoque
1234 3588 1333 3631 cuasa
1356 3591 1415 3632 ne-

185 3692 324 3769 cessest,
347 3707 429 3772 quae
451 3691 568 3771 vegeat
589 3692 712 3749 motum
735 3685 851 3769 signis3
875 3684 931 3786 sed
946 3705 1026 3768 qaae
1042 3684 1083 3747 sit
1099 3705 1210 3748 earum
1225 3686 1415 3770 praecipere

184 3802 264 3868 haut
286 3809 476 3890 quaquamst
498 3803 707 3889 pedetemtim
729 3801 984 3887 progredientis”
1003 3806 1032 3884 ¹).

228 3922 397 3986 Lucretius
419 3921 530 4007 procul
553 3921 648 3985 dubio
671 3920 710 3984 de
733 3927 841 3984 nostro
863 3920 982 3983 mundo
1006 3920 1072 3983 solo
1097 3920 1200 3984 dixit:
1224 3920 1279 3983 sed
1302 3926 1415 3985 tamen

185 4038 379 4102 monendum
402 4044 472 4122 est,
496 4039 670 4124 Epicurum
693 4039 841 4102 statuisse
864 4038 1025 4101 infinitum
1048 4058 1117 4101 esse
1140 4038 1330 4101 mundorum
1355 4061 1416 4103 nu·

185 4177 318 4219 merum.
364 4156 504 4220 Mundus
538 4162 646 4221 autem
681 4163 728 4220 est
758 4160 893 4242 περιοχή
923 4185 970 4236 τις
1001 4157 1140 4240 οὐρανοῦ
1171 4157 1270 4241 ἄστρα
1300 4147 1332 4220 τε
1365 4163 1414 4222 καὶ

186 4283 247 4358 γῆν
271 4278 318 4337 καὶ
342 4272 442 4339 πάντα
465 4273 502 4340 ποῖ
526 4276 696 4361 φαινόμενα
719 4278 928 4360 περιέχουσα,
951 4275 1115 4356 ἀποτομὴν
1140 4274 1258 4359 ἔχουσα
1274 4275 1340 4339 ἀπό
1355 4282 1414 4340 τοῦ

187 4389 316 4475 ἀπείρου
340 4397 391 4456 καὶ
416 4393 638 4480 καταλήγουσα
662 4395 695 4458 ἐν
717 4395 848 4478 πέρασιν
871 4391 890 4467 ἢ
915 4393 1015 4477 ἀραιῷ
1037 4391 1055 4467 ἢ
1086 4392 1228 4477 πνκνῷῆ
1251 4394 1283 4456 ἐν
1307 4420 1415 4479 περιο-

219 4621 240 4688 ¹)
274 4621 304 4672 V.
323 4623 370 4673 527
390 4637 457 4686 seqq.
