3196 5160
757 290 799 353 09

159 489 221 570 101)
245 511 285 552 an
310 491 480 555 nonnullae
505 498 630 555 tantum
647 492 746 578 (qnod
762 514 862 556 unum
879 514 1067 556 concursum
1083 499 1187 577 potest
1203 493 1342 576 efficere)
1363 499 1386 572 ).

60 615 62 620 “
159 605 306 693 Denique
332 609 530 692 potissimum
558 610 597 673 ad
621 610 757 673 liberum
773 611 939 673 arbitrium
957 610 1181 695 explicandum
1194 631 1323 674 necesse
1339 619 1387 674 est

159 725 256 787 atomi
288 724 491 809 declinent2).
536 727 662 791 Diserte
691 734 722 790 et
746 728 872 812 copiose
895 727 976 791 hanc
1000 749 1068 791 rem
1095 735 1268 813 pertractat
1291 735 1387 813 poeta

159 841 248 926 quasi
295 842 363 906 0100
408 844 533 907 10101011
567 844 626 907 1100
661 866 733 907 0001
767 845 907 908 maxime
942 845 1157 909 demonstrare
1186 851 1218 908 01
1247 845 1385 908 110011οἱ0

159 957 339 1021 libertatem
374 965 483 1023 contra
514 980 567 1022 eos
597 959 767 1023 defendero
791 961 866 1046 qui,
901 967 936 1023 ut
962 960 1080 1043 Stoici,
1116 982 1262 1024 severum
1284 961 1385 1025 fatum

159 1094 295 1157 regnare
318 1074 486 1154 dicebant,
510 1075 563 1160 qui
582 1076 811 1160 sempiternum
829 1076 1009 1159 dominum,
1033 1097 1127 1163 quem
1144 1076 1212 1140 dies
1230 1083 1261 1140 01
1277 1083 1385 1139 000100

160 1191 309 1254 timerent
342 1191 375 1254 in
405 1190 568 1256 hominum
600 1193 778 1256 cervicibus
802 1194 1021 1278 imposuerunt
1045 1194 1121 1277 (010.
1147 1193 1186 1256 de
1209 1200 1274 1257 nat.
1299 1193 1384 1257 deor.

160 1308 186 1371 I.
219 1312 282 1391 20,
317 1311 393 1392 hh).
440 1311 513 1394 Ipse
548 1310 631 1373 dixit
654 1310 706 1373 hic
730 1332 852 1374 nexum
875 1333 1042 1375 causarum
1065 1311 1221 1397 abrumpi.
1267 1310 1386 1375 Libera

160 1433 267 1489 nostra
289 1427 435 1490 voluntas
458 1449 584 1491 eausam
607 1427 725 1492 habore
750 1428 861 1510 debet,
885 1429 969 1493 unde
992 1430 1084 1492 nobis
1108 1428 1148 1492 sit
1168 1429 1287 1511 innata,
1310 1450 1385 1491 nam

160 1542 240 1605 nihil
274 1542 309 1606 fit
344 1543 517 1606 enihilo:
552 1543 631 1607 11000
666 1566 761 1608 00000
792 1552 840 1608 001
863 1552 1040 1609 0101001010
1064 1546 1244 1610 declinatio.
1290 1545 1385 1609 Ultro

160 1666 268 1723 antem
291 1680 404 1723 causac
427 1659 614 1743 investigari
638 1683 701 1724 non
729 1668 870 1746 possunt.
895 1661 998 1725 Cardo
1022 1662 1216 1748 quaestionis
1239 1661 1336 1745 igitur
1352 1662 1385 1724 in

160 1777 222 1841 alia
244 1798 279 1840 rc
301 1784 426 1840 tantum
449 1778 598 1862 ponitur:
623 1778 728 1842 differt
750 1786 846 1864 poeta
870 1778 1086 1862 difficultates,
1103 1802 1181 1865 quas
1197 1780 1386 1843 sclvcrcne·

160 1896 238 1981 quit.
283 1894 351 1958 Alii
373 1894 554 1980 philosophi
578 1895 617 1958 ad
641 1895 722 1960 hanc
746 1896 965 1981 quaestionem
989 1896 1172 1960 solvendam
1196 1895 1385 1960 0110111010-

159 2020 276 2077 nerunt
297 2035 401 2099 neque
424 2014 519 2077 linem
546 2015 682 2078 assecuti
706 2023 788 2078 sunt.
834 2015 1035 2079 Facillimam
1059 2036 1169 2079 eorum
1193 2015 1384 2098 doctrinam,

160 2132 215 2217 qni
237 2130 373 2195 liberum
397 2138 538 2214 motum,
563 2153 638 2216 ergo
661 2133 799 2196 animam
822 2133 899 2218 ipsis
915 2134 1029 2196 atomis
1051 2133 1285 2215 attribuerunt,
1309 2131 1386 2217 Epi·

160 2250 269 2331 curei,
306 2270 377 2312 cum
411 2257 539 2333 praeter
573 2251 738 2314 materiem
774 2258 806 2314 et
840 2252 935 2315 inane
969 2250 1050 2314 nihil
1085 2271 1154 2314 csse
1181 2256 1331 2335 putarent
1354 2255 1387 2314 et

159 2366 264 2450 ipsum
292 2365 432 2429 animurn
456 2386 498 2428 ex
521 2366 724 2429 insensilibus
748 2373 974 2451 componerent
997 2368 1131 2449 atomis,
1165 2367 1299 2452 probare
1322 2387 1385 2429 000

160 2489 308 2568 poterant
342 2489 373 2546 ct
407 2482 479 2568 plus
514 2483 612 2546 semel
646 2484 814 2547 Lucretius
848 2484 1000 2548 refutavit
1013 2482 1047 2567 ³).
1094 2484 1158 2548 Sed
1188 2490 1293 2548 tamen
1324 2482 1386 2568 ipsi

159 2600 303 2664 fecerunt
324 2601 420 2664 idern.
465 2601 571 2686 Ipsius
601 2601 744 2665 Lucretii
773 2602 880 2684 verba,
905 2602 1019 2687 quibus
1043 2601 1296 2665 adversariorum
1319 2601 1385 2686 opi-

159 2719 288 2782 nionem
315 2718 447 2801 irridet,
483 2719 516 2782 in
549 2719 630 2782 hanc
661 2727 784 2804 partem
816 2720 977 2783 doctrinae
1010 2718 1166 2805 quadrant
1180 2717 1203 2803 4)
1234 2718 1385 2800 ,consilio

159 2836 331 2923 primordia
359 2857 465 2900 rerum
500 2837 619 2900 ordine<
644 2859 677 2900 sc
701 2859 756 2900 suo
781 2859 925 2924 quaeque
948 2837 1054 2921 sagaci
1076 2841 1185 2900 mente
1208 2837 1384 2900 locarunt”.

159 2953 217 3017 Est
238 2953 290 3018 hic
314 2953 708 3040 cuiusqucphilosophiae
730 2955 819 3018 locus
842 2953 1058 3018 vulnerabilis.

203 3072 282 3136 Tres
315 3072 414 3156 igitur
448 3074 560 3136 atomis
589 3080 694 3135 1110100
729 3073 879 3136 adscribit
902 3079 1015 3157 poeta,
1048 3072 1102 3158 qui
1124 3072 1205 3135 finnt
1227 3072 1385 3156 gravitate

163 3187 250 3271 (rard
266 3192 437 3272 στάθμην),
451 3190 662 3257 declinatione
677 3189 765 3273 (κοτᾶ
778 3190 1005 3276 παρέγκλισιν),
1018 3191 1120 3275 plagis
1133 3191 1220 3274 (κοτό
1236 3189 1384 3276 πληγήν,

163 3328 223 3391 qua
246 3307 341 3370 atomi
368 3307 419 3388 ,in
441 3308 565 3390 magnis
587 3308 764 3371 intervallis
786 3308 971 3370 recursant”
994 3329 1040 3370 vs.
1059 3309 1141 3388 106,
1166 3304 1242 3372 κατὰ
1256 3305 1385 3387 παλμὸν

162 3423 211 3487 vel
242 3424 456 3506 ἀποπαλμόυ,
492 3446 554 3509 quo
580 3425 726 3509 ,exiguis
750 3424 925 3488 intervallis
948 3423 1124 3488 resultant'’
1148 3445 1194 3486 vs.
1222 3425 1303 3506 101).
1338 3422 1385 3486 Η1

193 3759 212 3821 1)
246 3759 334 3823 Neque
350 3775 363 3808 0
381 3758 505 3809 Ciceronis
521 3758 602 3808 verbis
620 3760 649 3808 de
667 3759 722 3807 Fin.
742 3759 771 3819 Ι,
790 3775 842 3821 cap.
860 3759 914 3819 VI,
935 3761 964 3807 19
981 3757 1086 3822 perspici
1102 3762 1191 3820 potest.
1215 3757 1274 3806 Iure
1285 3756 1384 3807 Tullius

159 3853 333 3903 animadvertit
348 3853 395 3903 hoc
412 3870 437 3902 10
454 3870 512 3903 vera
529 3869 582 3903 esse
598 3853 669 3918 quasi
685 3853 824 3916 provincias
841 3854 930 3904 atomis
947 3855 1003 3903 dare
1020 3858 1046 3903 01
1062 3858 1146 3903 contra
1157 3852 1236 3916 ipsam
1248 3851 1384 3902 doctrinam

159 3965 303 4012 repugnare.

191 4043 210 4102 2)
245 4043 366 4106 Epicurus
389 4042 453 4091 idem
471 4043 555 4111 docuit
571 4044 645 4093 Dcor.
666 4043 722 4092 Nat.
741 4043 771 4103 Ι,
798 4059 850 4106 cap.
869 4043 957 4103 XXV,
976 4046 1022 4091 60:
1058 4041 1150 4102 „Velut
1166 4041 1303 4104 Epicurus,
1327 4058 1383 4091 cum

161 4139 254 4188 videret
281 4139 302 4188 01
327 4139 403 4188 atomi
426 4140 548 4188 ferrentur
570 4138 597 4186 in
624 4139 706 4188 locum
723 4138 864 4188 inferiorem
881 4144 968 4201 suopte
985 4139 1091 4201 pondere
1107 4137 1172 4186 nihil
1189 4137 1241 4186 fore
1257 4137 1284 4185 in
1300 4142 1384 4187 nostra

161 4238 294 4296 potestate,
312 4233 377 4296 quod
394 4237 458 4281 esset
475 4248 558 4280 earum
576 4240 656 4281 100100
674 4237 754 4281 001100
772 4238 798 4280 01
812 4231 977 4291 000000011οε,
1002 4230 1114 4291 1000011,
1139 4247 1187 4295 quc
1211 4232 1283 4280 modo
1299 4246 1383 4280 neces·

161 4328 256 4377 sitatcm
274 4328 407 4391 effugeret,
432 4329 498 4392 quod
514 4327 630 4377 videlicet
648 4327 816 4377 Democritum
833 4327 947 4390 fugerat:
967 4326 1002 4376 ait
1021 4331 1145 4388 atomum,
1164 4343 1221 4376 cum
1237 4328 1342 4390 pondere
1359 4330 1384 4375 et

161 4422 281 4487 gravitate
297 4423 389 4472 directo
405 4424 505 4473 deorsus
521 4424 632 4484 feratur,
649 4423 771 4473 declinare
788 4423 943 4485 paululum.”

191 4519 209 4578 3)
244 4519 283 4568 ef.
302 4518 347 4579 11,
366 4519 426 4580 973,
444 4535 497 4584 sqq.

192 4613 213 4680 ⁴)
248 4614 278 4674 Ι,
298 4616 367 4662 1011.
